3270 5430
390 364 440 414 111.
511 379 650 414 ureavnrs
670 379 692 414 s.
712 377 793 418 aunt.
829 379 979 415 nranoovr.
1001 363 1085 428 (tots.)
1337 351 1384 423 53

150 552 282 594 οΑετνε.
322 533 385 605 Qua
408 533 460 592 nos
484 534 571 610 igitur
593 538 656 592 arte
679 534 850 609 pervincere
873 535 1007 610 oportet?
1393 551 1462 601 eae.

150 655 319 695 ursavnvs.
358 634 557 702 Providentia,
592 652 679 715 qnam
707 633 747 694 illi
776 636 799 693 si
828 635 944 712 qnando
973 635 1075 695 altesso
1103 635 1206 696 abste
1228 638 1382 716 senserint,

84 735 233 813 perdendi
257 735 410 795 consilinm
433 735 556 795 iuilinnt.
595 753 686 813 quare
709 735 859 796 fidendum
882 737 997 813 penitus
1011 735 1105 799 nulli:
1135 744 1167 796 ut
1189 737 1283 797 (liram
1308 740 1383 797 enirn

85 836 168 914 qnod
195 837 307 905 sentio,
341 838 478 913 optimam
511 838 597 898 etiam
628 837 756 898 indolem
785 845 814 896 et
840 844 921 896 recto
949 838 1112 897 institutam
1139 839 1224 899 vitam
1261 839 1289 897 iu
1319 838 1384 898 aula

62 944 256 1014 asuspeetam
279 936 389 998 habere
412 944 564 1016 oportet„
580 939 658 1016 quod
688 939 717 999 hi
745 956 820 1016 quos
848 939 906 997 dixi
935 947 1036 1003 ventos
1058 939 1155 999 omnia
1177 938 1328 1015 impellant
1349 958 1384 999 ao

87 1039 274 1116 perfringunt
297 1047 325 1098 et
347 1057 491 1099 srrmmam
515 1057 592 1116 saepe
615 1041 811 1100 innocentiam
834 1039 869 1098 ad
886 1023 1032 1117 possimne
1044 1058 1142 1100 morea
1157 1041 1309 1100 invertant.
1344 1059 1380 1099 an

85 1158 146 1198 non
171 1139 276 1199 audisti
299 1139 379 1199 illum
402 1141 451 1217 qni
474 1141 513 1199 ait
541 1141 685 1201 ‘Discedat
707 1141 743 1200 ab
766 1139 830 1208 nula
853 1143 903 1218 qni
926 1141 985 1200 voti
1008 1159 1071 1201 esse
1100 1142 1192 1219 pirm'l
1226 1159 1327 1201 rerum
1351 1125 1449 1201 altu

85 1241 146 1299 sint
169 1240 258 1318 aliqui
280 1240 364 1308 honi,
388 1240 552 1317 periculosa
575 1250 672 1302 tamen
696 1242 736 1301 ilii
758 1242 935 1319 experientia
958 1249 1016 1311 est,
1040 1243 1117 1321 quod
1135 1242 1217 1302 multi
1233 1250 1301 1302 snut
1316 1261 1381 1320 pies·

86 1343 153 1401 simi
183 1349 288 1418 suopte
317 1343 422 1418 partim
451 1343 567 1418 iugenio
594 1344 700 1420 parlim
729 1343 823 1403 arrlioo
853 1361 963 1404 ueneno
991 1345 1110 1411 imlmti,
1144 1329 1249 1419 olam,
1284 1350 1315 1403 nt
1343 1346 1383 1403 ait

53 1454 76 1492 ¹⁰
87 1442 241 1510 Comicus,
275 1431 352 1502 οὔτε
373 1432 485 1524 βωμὸς
505 1433 582 1503 οὔτε
602 1443 709 1515 πίστις
731 1431 806 1503 οὔθ’
836 1431 936 1518 ὅρκος
964 1436 1073 1522 μένει,
1108 1445 1230 1521 proinde
1264 1452 1381 1505 rantum
1418 1465 1425 1488 ⁴

86 1562 153 1603 esse
177 1550 294 1620 oportet
316 1545 365 1621 qui
389 1562 455 1604 enin
487 1546 610 1622 ingeniis
640 1546 802 1607 eonlliotari
831 1544 897 1605 velit
916 1543 1082 1613 eiusmodi,
1117 1565 1151 1604 ao
1179 1545 1272 1606 danda
1303 1564 1382 1623 stupe

86 1644 178 1703 rerba
200 1651 230 1703 et
251 1645 374 1704 vicissim
398 1644 575 1706 allidendum
598 1665 754 1725 moresque
777 1645 977 1707 dissimulandi
1005 1647 1050 1706 sui
1078 1654 1166 1725 atque
1194 1648 1275 1706 omni
1302 1645 1381 1706 able·

84 1752 155 1821 galo
180 1745 308 1806 candore
330 1747 492 1807 istiusmodi
514 1746 709 1808 sinmlaudum
733 1750 891 1824 ingenium.
1026 1813 1029 1818 ,

152 1865 280 1906 oasrvs.
320 1847 356 1907 Ut
378 1846 521 1925 intelligo,
544 1850 658 1924 primus
680 1856 724 1910 est
741 1851 799 1910 ,iste
822 1849 989 1910 discedendi
1012 1868 1027 1907 a
1051 1847 1235 1926 philosophia
1258 1850 1449 1926 graduatio.

54 1958 76 1997 ¹⁵
151 1967 316 2010 nisavnvs.
354 1949 391 2008 Et
413 1949 475 2009 nec
498 1956 541 2009 est
563 1967 651 2028 qnam
674 1951 732 2010 diri
755 1949 923 2011 difficultas:
947 1958 1073 2028 (piramus
1095 1968 1189 2009 essem
1209 1967 1288 2009 utine
1303 1951 1381 2010 euim

86 2067 143 2127 ego
165 2051 190 2108 si
213 2049 257 2110 rel
280 2033 417 2116 simulare
440 2049 634 2112 adulationem
658 2053 826 2128 potuissem.
871 2052 920 2128 qni
943 2052 1012 2111 dnm
1036 2048 1116 2110 illurn
1139 2069 1248 2129 sequor
1270 2058 1382 2111 naturae

86 2151 217 2228 rigorem
241 2158 270 2210 et
292 2149 386 2210 bonus
409 2171 472 2212 esse
494 2153 613 2221 studeo,
637 2172 755 2213 omnem
770 2160 813 2212 tot
828 2171 1026 2212 aerumnarum
1043 2151 1171 2212 linctum
1189 2151 1290 2228 perdo,
1314 2168 1380 2228 per-

86 2251 147 2311 didi
170 2253 199 2310 iu
222 2250 347 2313 suldime
370 2252 472 2328 procul
495 2253 671 2314 abeuntibus
693 2255 743 2332 qni
765 2254 892 2332 aequales
915 2262 1012 2322 erasit,
1046 2272 1080 2314 ao
1107 2254 1183 2317 inter
1205 2253 1259 2312 hos
1282 2251 1387 2314 inultis*

85 2355 137 2431 qui
160 2371 216 2412 neo
238 2352 287 2412 diu
310 2355 366 2413 iarn
389 2372 444 2414 nec
466 2354 589 2414 nudtnm
613 2355 685 2415 adeo
708 2354 924 2415 laboraverunt.

48 2461 76 2501 ²⁰
153 2475 281 2515 casare.
319 2454 444 2520 Omnino
467 2457 554 2533 igitur
576 2454 688 2517 adulari
710 2475 830 2518 necesse
852 2464 897 2517 est
920 2455 1031 2522 anicet
1345 2508 1347 2515 .
1389 2472 1448 2521 §.ao

151 2575 317 2617 meamne.
357 2555 492 2616 Omnino.
530 2557 581 2616 eod
606 2559 714 2617 laeiunt
737 2559 793 2618 lroc
816 2557 862 2617 alii
885 2556 966 2634 pluo,
990 2557 1157 2619 aliimiuus.
1196 2564 1226 2619 at
1248 2557 1380 2635 quisquis

86 2658 157 2716 huic
179 2657 248 2732 ingo
271 2656 462 2732 colligandam
486 2662 629 2719 ceruicem
651 2659 825 2736 praebuerit,
856 2677 931 2736 opns
960 2665 1006 2719 est
1027 2658 1206 2719 Alcibiadem
1235 2660 1380 2718 imitetur:

85 2764 212 2818 nam-ut
233 2757 317 2817 aliter
339 2757 459 2816 Athenis
481 2760 549 2819 vixit
578 2759 638 2829 ille,
674 2762 767 2820 Attica
796 2779 912 2820 mouuu
941 2762 1096 2831 suavitate,
1132 2759 1216 2819 aliter
1246 2759 1380 2820 Laoodae·

86 2878 193 2928 mone,
216 2858 353 2928 solenus,
378 2878 495 2919 rinnon}
518 2860 580 2920 aliis
596 2860 673 2938 apud
689 2861 833 2928 Thraces,
858 2861 999 2939 populiun
1014 2860 1201 2928 bellicosum,
1225 2859 1288 2921 aliis
1303 2860 1379 2936 apud

47 2961 210 3028 auersa,
234 2959 352 3021 mollem
375 2968 403 3019 et
424 2961 596 3030 delicatum,
620 2962 752 3022 moribus
775 2980 844 3022 ustis
867 2970 924 3032 est,
948 2964 986 3022 ita
1003 2981 1078 3039 opus
1094 2970 1138 3021 ost
1153 2960 1247 3019 aulico
1262 2977 1380 3019 illimem

84 3064 115 3121 in
133 3061 252 3121 modum
270 3063 455 3123 conformare
470 3081 502 3122 se
517 3063 650 3127 moribus
665 3082 766 3124 eornm
783 3063 957 3142 quibusdum
974 3064 1054 3128 vivit,
1079 3069 1111 3122 ut
1132 3061 1247 3139 ingenio
1263 3079 1380 3120 omnem

84 3165 116 3222 in
140 3171 254 3240 partem
277 3163 410 3223 irrrrmbili
432 3165 483 3233 sit,
512 3166 541 3224 in
564 3163 701 3224 omnibus
722 3172 857 3224 versutus
879 3173 907 3225 et
931 3164 1065 3232 callidus,
1100 3164 1128 3222 iu
1151 3181 1281 3230 snuuna,
1317 3163 1379 3238 ipso

83 3265 217 3325 l'rotlreo
240 3265 335 3324 rarius
358 3267 458 3340 magio.

152 3384 280 3426 casrvs.
317 3366 474 3443 Tragieum
497 3374 541 3427 est
562 3366 619 3426 hot·
642 3367 760 3426 malum.
1186 3431 1188 3435 ,

47 3477 75 3516 ³⁰
152 3487 315 3528 ursarnvs.
354 3468 390 3525 ut
411 3468 439 3525 iu
463 3466 554 3527 aulica
578 3468 718 3528 coiumdia
741 3476 918 3546 spectatum,
942 3469 1040 3536 Casto,
1065 3488 1119 3528 ner.
1141 3467 1219 3527 alitrrl
1242 3468 1448 3545 nequeo-to.
1516 3515 1521 3522 .

84 3572 144 3629 tius
167 3575 217 3629 ant
240 3568 400 3628 tirnerulmn
423 3569 530 3645 tnagis,
554 3588 622 3629 cnm
644 3570 812 3630 intestinum
836 3571 885 3638 sit,
910 3588 977 3630 cum
1000 3570 1208 3630 domesticum:
1236 3587 1303 3628 narn
1330 3570 1379 3645 qui

155 3823 163 3855 ¹
184 3824 273 3888 igitos
290 3828 317 3872 5.
380 3824 526 3887 pervenire
545 3825 588 3872 13.
652 3822 663 3853 ¹
681 3824 787 3872 Lucan.
801 3822 897 3872 Pluere.
912 3812 1100 3887 vnttnlaq.
1120 3859 1136 3883 „
1152 3859 1158 3871 .
1172 3858 1179 3871 .
1194 3858 1200 3870 .
1215 3828 1297 3870 exeat
1316 3820 1381 3869 aula

84 3911 139 3971 Qui
159 3908 220 3958 vult
238 3923 299 3956 ease
318 3908 460 3971 pius...’‘
529 3904 1120 3971 ⁶quodlquia13.(rtvtam‘ripuoruvit.)
1191 3905 1211 3938 ¹⁰
1229 3906 1334 3955 Chorus
1352 3906 1381 3952 in

84 3992 228 4059 Aristoph.
240 3991 361 4041 Acheru.
373 3991 431 4039 307.
445 3991 478 4040 do
492 3991 725 4040 Lacedmuioniis:
751 3991 859 4054 ‘quibus
877 4006 966 4054 nequo
986 4007 1034 4041 ara
1052 4009 1104 4041 nee
1124 3992 1191 4046 tideo
1209 4007 1260 4039 nec
1279 3991 1321 4038 ius
1340 3991 1380 4037 in-

84 4078 200 4126 fandum
220 4083 348 4145 sonetum
368 4079 436 4124 Μ’.
456 4076 562 4136 (Locum
581 4082 605 4124 in
618 4080 642 4126 5.
656 4079 719 4124 trente
737 4091 887 4138 caprearum
905 4078 972 4124 linea
989 4076 1112 4126 recidunto
1130 4077 1306 4138 corripendum
1324 4089 1380 4122 ease

83 4165 205 4213 iuriiraoit
218 4162 255 4210 Ii.
271 4162 340 4225 qnod
354 4162 429 4223 (ut.)
484 4158 502 4191 ¹¹
522 4161 570 4224 ing
589 4160 651 4208 nnio
665 4162 707 4209 13.
762 4158 1038 4223 ¹²·12eblegot013.
1092 4157 1112 4191 ¹¹
1131 4161 1237 4223 qvirnns
1251 4161 1292 4206 12.
1340 4157 1379 4205 di·

83 4248 180 4297 scendi
201 4250 226 4295 2.
234 4250 260 4294 9.
268 4248 309 4293 10.
377 4243 397 4276 ¹¹
415 4261 466 4310 ego
486 4245 558 4293 euim
571 4176 615 4293 ld.
675 4243 695 4275 ¹⁷
710 4250 771 4308 port
789 4244 873 4308 perdo
895 4246 956 4293 add.
975 4244 1083 4309 perdidi
1097 4244 1132 4291 H.
1151 4246 1220 4307 quod
1239 4259 1289 4291 nou
1307 4244 1380 4289 iutel-

82 4336 146 4381 terit
160 4335 205 4381 1³.
218 4333 337 4380 anulletur
357 4327 451 4392 perdo,
503 4328 523 4360 ¹¹⁴
543 4344 575 4377 oo
595 4329 622 4377 in
640 4328 684 4377 his
702 4330 761 4378 edd.
775 4330 824 4377 del.
838 4329 874 4378 II.
888 4330 1020 4392 adscripto
1039 4343 1073 4378 oo
1092 4328 1165 4376 inter
1183 4327 1231 4374 hos
1283 4323 1304 4355 ¹¹
1323 4324 1378 4374 coi-

83 4416 226 4480 ligandum
240 4420 266 4464 5.
279 4406 351 4463 eurr.
361 4413 395 4461 ΙΙ.
430 4412 584 4476 Alopbiodo
598 4415 621 4461 1.
635 4420 659 4461 rt
673 4415 724 4463 alii.
750 4410 851 4478 alcio]
866 4412 909 4462 Cf.
924 4411 1004 4461 Corn.
1019 4413 1087 4477 Nep.
1102 4413 1130 4460 iu
1142 4410 1263 4460 aleina.
1281 4408 1377 4472 aleyb.

85 4501 290 4550 1...e.a.1o.12.
350 4494 372 4527 ²¹
392 4501 419 4545 et
436 4513 505 4546 corr.
520 4498 555 4545 H.
576 4512 609 4546 ee
622 4499 681 4546 edd.
701 4498 768 4547 Ante
788 4497 852 4547 oII.
873 4513 907 4544 oo
922 4497 986 4559 poni
996 4498 1082 4545 notuit.
1097 4514 1130 4546 oo
1143 4503 1201 4545 ante
1214 4498 1313 4546 vocales
1326 4495 1378 4543 La·

82 4587 133 4633 tine
151 4602 201 4635 non
218 4583 285 4647 poni
304 4582 414 4631 liuttent
429 4599 482 4630 nno
500 4581 675 4645 ipnorohutur.
728 4581 750 4613 ¹⁸
768 4579 887 4630 l’rotlreo
906 4581 979 4627 etium
997 4585 1022 4629 5.
1036 4596 1082 4629 uec
1094 4597 1162 4630 eoru.
1176 4580 1211 4628 II.
1247 4570 1378 4628 ποικιλώ-

84 4685 161 4734 τερος
179 4659 273 4720 αὐτοῦ
294 4659 442 4730 Πρωτέως.
462 4666 726 4717 necimmerito.
779 4663 799 4696 ³¹
820 4661 890 4727 cum]
911 4667 939 4712 ot
957 4666 1031 4728 perosi
1047 4663 1079 4712 ab
1091 4665 1127 4713 ll.
1146 4665 1253 4727 perdum
1267 4665 1310 4712 13.
