3188 5422
261 368 334 438 442
697 398 814 432 vinnons
834 398 1104 473 PSEl'DOEVTTRNlCl.

190 567 250 617 aas.
260 557 422 633 repererim,
456 557 627 631 superiorum
647 563 788 630 sequutus
818 556 985 629 exemplum:
1017 557 1075 631 ipse
1102 556 1219 613 vicissim
1248 557 1319 612 Pisis
1347 559 1381 614 ad
1412 559 1545 615 concilium

258 643 414 719 provocavi.
447 659 561 697 causans
589 658 638 697 viee
668 651 775 714 tempus
803 658 851 696 nee
880 640 969 697 locum
992 642 1058 697 satis
1088 641 1303 703 esse.idoneum
1339 661 1421 716 quem
1447 645 1546 716 quiden

257 728 297 785 illi
320 728 548 802 paenituissent,
583 735 610 781 ct
637 726 728 782 llonrae
759 725 849 785 subito
876 725 1020 782 conciliem
1044 726 1139 788 indixi,
1173 743 1228 800 quo
1248 727 1386 783 neminem
1412 724 1565 784 venturum

257 812 409 869 arbitrabar
435 811 502 867 lulio
525 829 578 868 non
602 811 731 871 amicum,
754 820 801 866 aut
823 819 896 866 certe
918 827 973 866 non
997 810 1284 884 obsequundaturumc
1302 812 1343 868 sie
1363 814 1436 868 enirn
1459 813 1544 868 multis

257 897 387 972 exemplis
407 898 565 952 docueram:
588 914 619 951 ae
640 897 766 970 protinus
788 896 813 950 in
834 896 904 951 hunc
926 913 1004 950 usum
1028 895 1181 969 complures
1202 897 1355 952 cardinales
1371 899 1465 954 ¹creavi
1484 898 1561 952 meisa

258 983 391 1037 institutis
413 982 609 1037 accommodes.

317 1067 454 1122 Genius.
491 1067 548 1122 lluc
569 1074 610 1121 est
634 1065 888 1121 laeinorosissimos.
1337 1128 1343 1140 Ι

189 1164 248 1214 §.on
322 1152 371 1211 lul
384 1152 444 1206 ius.
467 1151 583 1206 Rursum
596 1150 647 1205 hoc
661 1149 805 1205 concilium
821 1151 873 1205 nisi
890 1150 1054 1212 indixissem,
1066 1145 1211 1207 cirneilium
1227 1169 1281 1206 non
1300 1153 1409 1214 luisset,
1423 1160 1451 1208 et
1463 1163 1543 1207 tannen

257 1236 328 1293 baud
352 1247 485 1309 quaquam
509 1235 668 1309 expediebat
691 1235 771 1289 rebus
793 1236 860 1290 rneis
888 1242 989 1290 tantam
1019 1236 1210 1310 episcoporum
1233 1245 1261 1291 et
1284 1236 1418 1292 ahbatum
1436 1237 1543 1309 turbam

258 1322 309 1377 huc
331 1321 484 1381 continere,
516 1321 587 1375 inter
610 1337 679 1391 quos
710 1318 767 1374 lieri
792 1337 846 1375 nou
874 1328 979 1393 potest,
1014 1321 1079 1393 quin
1102 1320 1206 1393 aliquot
1229 1321 1309 1394 probi
1331 1322 1427 1395 piique
1450 1322 1569 1377 luerintn

257 1407 356 1461 staturi:
392 1404 608 1478 itaquemonui,
642 1412 672 1458 ut
695 1401 849 1478 sumptibus
871 1414 1027 1478 parcerent.
1055 1414 1083 1459 et
1106 1404 1222 1477 singulae
1244 1407 1376 1478 regiones
1400 1424 1482 1461 unum
1503 1415 1544 1460 aut

256 1491 369 1546 alterum
393 1490 531 1544 dumtaxat
554 1489 702 1544 mitterent.
744 1489 840 1544 deinde
862 1507 922 1544 curn
946 1506 980 1543 ne
1002 1490 1053 1546 boc
1076 1490 1183 1564 quidem
1204 1491 1270 1544 satis
1303 1499 1396 1546 tutnrn
1425 1491 1542 1551 viderem,

256 1582 284 1631 et
306 1593 406 1648 paucos
427 1586 458 1630 ev
482 1583 524 1630 tot
546 1574 693 1647 provinciis
716 1573 748 1628 ad
770 1591 896 1646 magnum
920 1573 1058 1629 redituros
1077 1591 1231 1642 reimerum.
1254 1574 1345 1630 denuo
1369 1575 1426 1631 illis
1450 1577 1498 1631 iam
1515 1575 1542 1630 ad

257 1661 309 1715 iter
331 1658 458 1716 accinctis
477 1658 632 1714 denuntiavi
653 1676 686 1713 ne
708 1660 844 1719 venirent,
878 1657 1021 1714 concilium
1052 1663 1078 1715 in
1108 1658 1179 1714 aliud
1202 1669 1310 1732 tempus
1335 1661 1541 1733 prorogandum.

187 1753 245 1810 §.aa
257 1753 427 1801 commentus
449 1744 480 1799 ad
504 1744 529 1799 id
552 1760 647 1798 causas
670 1751 807 1816 utcunque
834 1742 997 1818 probabiles.
1037 1753 1118 1817 atquc
1146 1744 1188 1798 lais
1215 1744 1322 1799 artibus
1345 1743 1465 1800 exclusis
1490 1745 1567 1800 uni-u

256 1830 342 1884 versis
372 1844 480 1884 rursum
503 1836 676 1884 antevertens
700 1846 778 1901 quem
800 1829 1020 1902 praescripseram
1039 1829 1123 1891 diem,
1153 1829 1244 1884 Rornae
1270 1828 1421 1885 concilium
1445 1829 1540 1885 institui

255 1932 315 1970 curn
341 1915 383 1969 his
403 1915 549 1970 dumtaxat
572 1931 641 1986 quos
663 1914 694 1968 ad
719 1913 743 1968 id
767 1917 930 1986 paraveram.
972 1913 1135 1987 intorques
1158 1914 1334 1986 etiarnsiqui
1363 1916 1473 1969 lucrant
1500 1913 1539 1986 qui

255 1999 432 2055 dissentirent
450 2016 464 2054 a
480 2016 536 2060 mc,
561 2007 649 2053 tamen
670 1998 736 2055 illud
752 2007 856 2053 certum
872 1997 1007 2053 habebant
1022 1998 1093 2053 lulio
1110 1999 1242 2054 neminem
1259 1999 1473 2071 refragaturum,
1489 2008 1539 2053 tan·

186 2085 300 2141 §.estis
314 2084 396 2140 annis
418 2093 446 2138 et
467 2081 631 2139 satellitibus
654 2084 764 2156 stipato.
809 2083 862 2138 lam
882 2083 914 2138 ad
936 2082 1007 2138 bunc
1033 2084 1141 2139 niodum
1167 2084 1305 2155 ingentem
1330 2083 1456 2139 invidiam
1478 2081 1537 2139 movi

255 2169 392 2225 Gallicano
415 2168 453 2223 illi
476 2167 605 2227 correilio.
630 2168 749 2223 dimissis
770 2164 987 2241 quoquoversum
1003 2167 1105 2230 literis,
1129 2169 1155 2222 in
1175 2167 1273 2240 quibus
1292 2167 1443 2223 denostro
1457 2181 1561 2223 sacro-n

255 2262 349 2309 sancto
371 2251 487 2309 concilio
511 2251 639 2307 faciebam
662 2253 841 2314 mentionem,
869 2247 1014 2307 concilium
1031 2250 1140 2308 illorum
1163 2269 1305 2313 execrans,
1329 2252 1535 2309 conventiculum

255 2338 395 2399 Sathanm,
416 2336 624 2392 conciliabulum
646 2336 763 2398 diaboli,
791 2337 988 2393 schismaticam
1008 2335 1236 2411 conspirationem
1259 2336 1376 2392 subinde
1398 2339 1533 2394 nominans.

185 2429 245 2477 t-tt.
317 2423 452 2479 Petrus.
490 2423 606 2496 Oportet
639 2421 863 2477 sceleratissimos
894 2421 978 2476 luisse
1006 2421 1157 2478 cardinales
1189 2420 1320 2477 authores
1352 2440 1384 2478 ac
1406 2422 1532 2496 'principes

252 2507 369 2563 concilii.
986 2548 989 2553 ,

314 2593 435 2648 lulius.
473 2592 508 2646 lle
532 2591 652 2646 moribus
676 2590 742 2646 nibil
766 2609 878 2664 queror,
908 2592 955 2647 sed
983 2598 1065 2665 caput
1088 2591 1167 2663 huius
1190 2592 1295 2663 negotii
1320 2592 1374 2647 luit
1403 2588 1551 2648 cardinalistt

253 2676 494 2750 llothumagensis,
518 2676 564 2748 qui
588 2677 679 2732 nescio
703 2694 756 2748 qua
780 2676 957 2732 sanctimonia
977 2693 1085 2749 semper
1107 2676 1160 2732 huc
1179 2676 1326 2750 spectavit.
1356 2686 1388 2732 ut
1408 2674 1527 2732 ecclesian

254 2763 380 2818 redderet
402 2761 626 2818 emendatiorem:
651 2761 731 2834 idque
753 2761 816 2815 lecit
839 2760 906 2816 locis
928 2761 1046 2834 aliquot:
1075 2761 1145 2818 hunc
1167 2777 1241 2815 mors
1261 2762 1379 2835 eripuit,
1402 2761 1525 2816 mihitur

185 2857 312 2906 §.resena
337 2847 437 2902 iaciens
458 2846 576 2902 omnium
600 2845 791 2918 gratissimam.
837 2843 1223 2925 Successit‘huic‘cardinalis
1247 2846 1331 2902 titulo
1359 2854 1458 2902 sancte
1478 2858 1524 2898 cru·

319 3113 418 3162 ¹Pisis
436 3116 717 3163 onais.2.3.5.8.ll.15.
786 3112 929 3177 ²quidem
948 3114 1016 3162 aaran.
1037 3115 1188 3162 esaan.
1257 3110 1519 3178 'praeetitisseutlt

251 3202 279 3247 et
296 3200 461 3248 omis.2..3.8.
515 3195 794 3247 ⁴obsecundaturum
813 3200 921 3249 2.3.5.8.
953 3197 1114 3260 obsequium
1132 3194 1359 3250 datumm10.15.
1413 3198 1519 3246 enimeot

250 3285 379 3332 m.2.3.8.
423 3283 507 3332 etlam
526 3296 573 3330 eos
592 3298 625 3330 m.
641 3284 681 3331 11.
751 3280 815 3330 ⁶At
833 3286 905 3332 545.
972 3278 1074 3345 creavi]
1095 3280 1353 3341 Quintacreoh'one,
1373 3274 1517 3348 quesnellii·

250 3365 331 3415 Mart.
345 3383 370 3419 o.
386 3366 459 3419 1511.
473 3367 553 3415 Iulius
571 3366 656 3415 habuit
675 3373 700 3414 et
723 3369 790 3416 inter
807 3369 884 3423 alios,
903 3368 1010 3416 mnaeimc
1028 3365 1123 3422 Italos,
1148 3367 1223 3416 etiem
1243 3366 1448 3430 Christopltornm
1464 3363 1518 3413 llrre·

249 3452 326 3500 oicnm
344 3452 476 3515 Anpllcum
494 3458 519 3500 et
532 3451 666 3500 Matidiam
684 3450 810 3501 Schinner
822 3449 963 3500 Heluetium
981 3453 1127 3500 cardinales
1142 3451 1215 3513 feeit.
1256 3449 1267 3481 ⁷
1285 3446 1517 3500 facinorissimost

250 3534 271 3567 ¹⁰
288 3532 350 3599 huc]
370 3536 480 3585 licinum.
517 3526 536 3567 ¹¹
556 3535 689 3584 sumtibus
709 3540 749 3584 15.
792 3533 813 3567 ¹²
831 3535 964 3584 duntaxat
982 3536 1291 3585 5.8.ld.11.15.utailos.
1342 3534 1362 3567 ¹⁸
1380 3525 1517 3585 denunciari

248 3622 445 3672 2.3.5.8.10.1t.
494 3618 515 3651 ¹⁵
532 3618 599 3685 ute]
619 3620 718 3684 vtrinq3
734 3623 800 3669 1.]0.
853 3620 889 3668 iis
908 3623 1059 3672 2.3.5.8.11.
1096 3619 1223 3684 pertibus
1240 3622 1265 3670 8.
1313 3617 1334 3651 ¹⁶
1352 3635 1443 3670 rursus
1458 3613 1515 3666 231⁵·

248 3706 316 3754 8.11.
336 3705 399 3764 Quae
416 3720 432 3753 a
448 3722 503 3755 coc.
523 3718 615 3753 rursus
633 3721 711 3770 usqae
730 3707 765 3754 ad
782 3706 805 3765 §-
819 3702 860 3754 80.
874 3720 927 3754 voc.
947 3719 1027 3768 quem
1046 3704 1212 3768 sacrilegum
1229 3711 1379 3769 sequuntur,
1398 3704 1425 3754 id
1440 3708 1472 3752 ert
1484 3712 1515 3746 et*

248 3790 322 3853 ampli
340 3793 364 3839 3.
382 3790 448 3852 solia
468 3789 498 3838 la
517 3797 541 3839 et
562 3789 615 3845 15„
639 3790 722 3838 omisit
744 3792 827 3839 omnia
846 3788 995 3846 Goldustus,
1019 3792 1057 3840 sic
1074 3793 1127 3838 sine
1144 3804 1220 3838 sensu
1237 3788 1355 3839 scribens
1373 3803 1460 3839 rursus
1473 3789 1515 3832 tan·

248 3889 329 3937 quam
347 3875 459 3940 impium
478 3882 527 3924 ete.
580 3871 601 3905 ¹⁷
619 3874 653 3922 iis
672 3878 780 3924 2.3.5.8.
835 3875 948 3923 fuerant
966 3877 1104 3923 1.5.10.15.
1132 3873 1217 3922 futitri
1236 3880 1331 3923 essent
1348 3874 1374 3924 ⁶2.
1402 3871 1484 3927 ,fueret
1498 3867 1515 3914 ³·

247 3961 359 4009 fuerunt
377 3963 403 4010 8.
457 3959 477 3991 ¹⁸
496 3958 634 4008 habebam
653 3962 809 4010 2.a.5.8.15.
863 3958 933 4007 Iuliir
954 3962 977 4006 1.
1032 3956 1183 4007 ¹⁸¹¹⁹tanto
1209 3947 1515 4024 ormisdamsuperiott‘·

247 4047 400 4095 2.3.5.8.15.
472 4042 492 4074 ¹⁹
512 4042 547 4092 ad
564 4042 637 4090 banc
656 4059 690 4092 m.
713 4045 735 4091 l.
805 4041 828 4075 ²⁰
847 4040 1004 4107 Gallicano]
1028 4058 1045 4092 a
1069 4044 1148 4092 Gallia
1169 4044 1284 4091 ennato
1308 4043 1405 4094 Pisano
1426 4037 1515 4093 corello·

246 4127 268 4159 ¹²
286 4128 399 4177 Satanae
418 4130 526 4178 2.3.5.8.
544 4127 644 4192 ubique.
713 4124 736 4157 ²⁸
754 4142 852 4191 queror
874 4143 973 4189 omnes,
998 4142 1047 4176 non
1072 4142 1163 4191 quaero
1231 4125 1287 4159 ²⁵⁴⁰
1312 4128 1388 4179 card.
1405 4111 1515 4177 estnon-l

250 4212 373 4276 Geerpiue
391 4212 543 4262 deAmbusa'o
563 4210 752 4275 (vl'dmboise),
773 4212 895 4276 archiep,
914 4195 1052 4276 presbyter
1069 4212 1143 4263 card.
1156 4215 1194 4262 tr‘t.
1208 4209 1237 4262 S.
1251 4209 1330 4272 Siste,
1351 4213 1407 4273 †d.
1420 4212 1458 4261 'lh
1469 4200 1516 4256 Μαί·

249 4311 274 4344 a.
290 4295 639 4348 1510.sive1511.narusa.
655 4293 727 4344 tabu.
747 4296 904 4346 renuntiatus
918 4297 1008 4359 faveret
1026 4298 1164 4346 cardinalis
1182 4294 1214 4345 eh
1226 4297 1383 4366 Alexandro
1399 4297 1446 4347 VI.
1457 4295 1476 4343 d.
1487 4284 1514 4334 ll·

247 4381 319 4443 Sept.
333 4396 356 4430 a.
372 4378 446 4432 1498.
499 4378 585 4429 ²⁸hic
605 4394 689 4444 semp.
709 4382 734 4432 8.
786 4379 808 4411 ²⁷
826 4381 905 4442 mihi,
931 4385 987 4448 tum
1003 4383 1114 4445 photini.
1161 4385 1217 4430 tum
1237 4383 1362 4432 1.2.5.10.
1381 4370 1515 4431 tament-8·

247 4461 268 4495 ²⁸
288 4478 344 4512 rem
398 4459 522 4529 gratiss]
542 4464 632 4513 Iulium
650 4472 780 4528 conprertu
800 4467 904 4531 Georqli
920 4465 1128 4515 morte‘Bembus
1145 4468 1304 4516 acclamasse
1322 4468 1406 4528 refert
1423 4456 1516 4514 ‘laudm

246 4547 270 4594 si
289 4563 306 4596 a
324 4548 382 4608 dio,
404 4547 504 4612 perche
525 4548 623 4599 edesse
643 4548 669 4598 io
688 4549 747 4598 solo
766 4565 815 4599 son
833 4554 924 4615 papa'.
962 4547 1170 4614 sardeorum]
1191 4550 1373 4601 Beraerdlnus
1393 4536 1514 4603 Metalli

246 4635 323 4693 eptae.
341 4632 468 4696 Carthnp„
486 4634 637 4695 patriarcha
648 4635 829 4698 Hierosolpvn..
849 4639 887 4684 tit.
901 4635 929 4684 S.
946 4635 1032 4684 Creteis
1045 4641 1070 4683 tn
1082 4636 1256 4694 Hierusalem
1276 4636 1308 4684 eb
1321 4635 1467 4686 Alexandro
1476 4616 1513 4674 Vl·

246 4717 386 4764 cardinalis
398 4722 500 4764 creatus
512 4717 536 4765 d.
551 4714 591 4765 31.
605 4719 672 4781 Avrp.
687 4734 711 4766 u.
730 4716 801 4767 latta.
822 4719 878 4780 †n.
894 4719 966 4769 1522.
979 4726 1024 4787 ut.
1039 4717 1080 4770 67.
