3232 5422
326 384 465 418 oretenus
483 383 618 418 urrunnu.
639 385 734 419 cvurrr
754 384 929 418 mutacione.
960 366 1047 431 (toto.)
1259 352 1330 424 335

92 557 209 597 nonno.
248 540 301 595 Per
330 539 478 596 naviculam
506 557 634 615 prorsum
667 557 697 596 ae
728 557 836 596 sursum
870 541 1059 604 lluetuantem,
1097 540 1170 596 dicas
1203 538 1331 615 quiequid

40 623 162 689 ihuerit‚
188 624 336 681 lutherum
360 624 405 680 ille
427 624 569 698 superabit
592 633 712 682 strenue.

96 725 275 767 annuamus.
551 738 556 752 .
583 709 718 772 Clamore,
741 727 796 767 non
820 710 982 767 eruditione.

96 812 222 856 nurum.>
248 792 376 849 Achilleis
401 794 577 866 argumentis.

98 895 277 936 nunnnnvs.
583 878 745 952 Sophistieis
771 879 924 935 sarmentis.

99 980 215 1020 nunna·
249 963 304 1018 Suo
324 962 519 1037 Clirysopasso.

102 1063 280 1105 Gnnnnuvs.
585 1046 667 1103 Libro
690 1047 805 1104 multum
826 1066 928 1105 crasso.
984 1072 993 1088 ·

98 1150 210 1191 nunna.
251 1132 359 1203 blateria
387 1132 538 1211 iuramenti.

97 1233 274 1275 nonnosus.
578 1217 611 1273 Et
637 1217 681 1273 hic
702 1217 755 1273 luit
776 1218 857 1274 animi
882 1235 936 1274 nou
962 1218 1027 1274 satis
1049 1218 1156 1274 attenti.

98 1320 210 1361 ovum.
250 1301 310 1356 Suis
334 1301 489 1357 itinerariis.

99 1401 275 1445 conminus
580 1385 629 1442 Ubi
651 1387 739 1442 utitur
759 1388 989 1444 commendaticiis
1012 1387 1151 1461 precariis.
1170 1379 1178 1466 b
1229 1402 1235 1409 *

97 1489 209 1529 ovone.
242 1469 396 1543 theologia
420 1470 542 1543 mystica.
1033 1538 1034 1541 Ἴ
1329 1481 1379 1530 ua.

98 1571 274 1614 ununnuvs.
435 1553 449 1573 ²
580 1554 644 1623 Quos
668 1564 724 1612 tota
746 1565 788 1611 est
812 1555 973 1631 Supliistiea.

97 1657 209 1699 nunno.
246 1638 428 1696 Aristotelicis
449 1641 658 1695 commentariis.

97 1740 275 1784 conuersus.
582 1725 679 1781 Tribus
702 1724 804 1787 verbis,
826 1725 907 1780 furtis
931 1733 1056 1781 autorum
1077 1725 1165 1780 variis.

96 1826 208 1868 nvunn.
246 1808 334 1867 Sacris
357 1807 454 1864 literis.
512 1834 514 1836 ·

97 1910 276 1952 unuunnvs.
354 1893 358 1902 ’
432 1945 437 1963 ,
582 1894 686 1949 Paratis
709 1892 810 1950 liberis.

96 1996 208 2037 ovunn.
245 1978 302 2034 lloc
324 1976 407 2033 nullis
430 1978 551 2033 numeris
570 1978 773 2051 'theologicum

100 2078 276 2121 eumenus.
313 2062 437 2118 Omnium
456 2061 694 2136 calculisquuper
717 2064 787 2118 enim
811 2064 920 2119 lllromm
950 2063 1021 2135 opud
1043 2062 1188 2136 Cyreuem.
1219 2063 1328 2118 scordil-

44 2167 90 2205 um
111 2148 254 2205 duodecim
275 2146 389 2207 artium.
413 2148 598 2221 deprehensus
614 2147 699 2221 Cotyn
724 2165 753 2203 se
775 2148 928 2204 celebrasse
948 2147 1069 2210 dicebat,
1093 2165 1147 2220 quo
1163 2153 1259 2221 peuertr
1276 2149 1327 2204 sibi

41 2235 63 2290 nl
88 2232 264 2305 Theologiam
285 2231 351 2287 satis
374 2231 501 2287 idoneum
524 2231 640 2287 lmlicius
663 2233 834 2306 proveheret.

95 2334 206 2376 neuun.
242 2316 301 2371 Non
325 2332 489 2389 magnopere
509 2314 671 2388 culpandum
696 2317 756 2373 boe.
855 2310 857 2314 '

96 2417 274 2460 onnunuvs.
310 2400 341 2455 Et
364 2400 407 2456 bie
429 2401 643 2457 lilromnnensem
667 2402 769 2476 spiras,
806 2401 905 2476 quihus
935 2401 986 2458 huc
1012 2419 1095 2457 uuum
1124 2401 1187 2457 licet
1223 2401 1328 2458 ‘botros'

41 2488 100 2550 lici,
124 2505 184 2543 cum
207 2486 262 2542 sint
283 2485 404 2559 nequitia
427 2485 485 2558 ipsa
507 2485 662 2560 nequiores.

94 2588 206 2630 nonno.
243 2570 301 2626 Non
325 2570 413 2625 audio.

96 2671 273 2714 onuunuvs.
312 2653 462 2719 Vernaculo
485 2664 576 2711 vestro
598 2673 687 2712 more:
712 2656 775 2729 qnid
795 2655 866 2712 enim
890 2654 1000 2711 illorum
1016 2654 1249 2711 lllmrnanensibus
1272 2673 1326 2711 uon

43 2741 247 2818 egentissimum
271 2747 327 2801 est,
350 2738 559 2799 mellitissimum
584 2749 673 2796 auteur
700 2740 837 2796 omnium?
864 2741 992 2797 viciorum
1020 2757 1132 2795 suorum
1160 2740 1325 2795 Carnarirmm

40 2845 86 2882 ron
109 2826 226 2887 moveri,
252 2823 328 2880 uleus
349 2840 458 2880 manere
482 2823 627 2886 intactum,
652 2827 741 2881 omnia
764 2825 840 2881 llenis
863 2824 977 2898 genibus
1005 2824 1121 2891 laudari,
1148 2821 1217 2879 bene
1244 2825 1327 2879 inter-

41 2911 133 2973 iretari
156 2910 229 2984 quod
254 2918 307 2964 tom
329 2917 422 2982 aperte
445 2908 544 2964 malum
568 2927 647 2983 quam
670 2911 698 2988 in
719 2909 807 2967 Plauti
828 2909 959 2966 comoedia
981 2908 1100 2964 Moechus
1122 2894 1177 2973 est';
1201 2909 1252 2965 lroc
1273 2908 1325 2963 nisi

41 2996 144 3052 monae
168 2994 263 3055 lacios,
286 3010 366 3049 nemo
389 3010 450 3071 nour
467 2993 560 3052 littore
581 2995 698 3050 surdior.
1147 3017 1150 3023 ¹

96 3095 208 3139 nonus.
246 3079 302 3134 Hoc
321 3096 375 3133 non
399 3079 430 3133 ad
454 3087 562 3135 nostras
584 3079 707 3135 cliordns.
744 3079 807 3136 Vale
829 3097 910 3152 erpo,
932 3078 1099 3140 Lntlierane,
1122 3086 1203 3150 atque
1227 3077 1253 3132 in
1270 3096 1325 3132 nra·

44 3184 84 3222 am
109 3173 214 3240 partem
235 3163 301 3220 vale.
342 3163 512 3239 interea-tuo
534 3163 656 3219 dutistiti
674 3164 795 3219 Lntlrero
818 3163 886 3219 bene
909 3180 1029 3238 precare.
1066 3180 1118 3235 ego
1141 3162 1187 3217 diu
1206 3162 1257 3218 iam
1280 3163 1325 3218 ad·

41 3250 122 3308 >arari
144 3249 295 3311 maeliinas;
316 3263 371 3320 quo
394 3248 496 3304 vincam
519 3247 648 3310 celerius,
672 3248 787 3322 adporto
809 3249 982 3304 devotionum
1006 3248 1136 3304 tonitrua.

95 3349 272 3391 unnunnu's.
311 3332 365 3388 Oro
389 3332 473 3405 igitur
494 3334 607 3389 summis
629 3332 791 3396 adfectibus.
815 3341 846 3389 ut
861 3333 904 3390 hic
921 3333 965 3406 qui
989 3333 1088 3394 mittit.
1112 3331 1227 3389 celerius
1243 3349 1322 3406 quam

41 3439 61 3475 u
82 3419 182 3476 leruina
206 3419 315 3477 Cuneus
338 3418 378 3472 vir
401 3417 517 3492 prodiit,
543 3417 702 3474 Salmoneus
725 3418 778 3473 but.

162 3535 296 3610 Collyrius
318 3535 423 3597 Trulla,
446 3537 517 3610 apud
538 3536 699 3593 burlussiam
721 3537 883 3611 Cataduppat
906 3537 979 3609 regis
1003 3523 1197 3595 Stratiotaru'm

488 3621 673 3696 Metropolim.
708 3620 867 3678 Excudebnt.

96 3942 107 3973 ⁴
126 3940 229 3999 Achill.
248 3942 265 3989 l.
279 3957 301 3989 e.
316 3957 376 4007 quoe·
390 3941 514 4001 coricium,
534 3942 600 3995 vinei
616 3945 748 4005 nequeunt.
785 3937 795 3971 θ
814 3938 1018 4005 Chrysopessns
1036 3954 1122 3990 nonaen
1141 3939 1199 3988 libri
1216 3938 1327 3988 Erdinoi

41 4031 72 4079 mi
81 4028 184 4091 prodiit
194 4027 260 4087 Aop.
279 4025 355 4074 Viud.
368 4040 403 4073 eac
415 4026 460 4089 off.
476 4025 613 4074 Miller-ona
625 4041 656 4073 m.
670 4024 804 4074 Novembri
821 4041 845 4073 a.
862 4023 934 4074 1514.
949 4026 978 4074 in
992 4024 1039 4074 sol.
1081 4024 1240 4073 ⁷Molestior
1253 4040 1326 4088 quom

41 4113 145 4161 rossior
166 4111 226 4159 midi
245 4109 433 4172 Clerpeopaseos
455 4110 566 4165 videtur,
592 4110 660 4175 quod
681 4111 757 4159 etde
780 4113 873 4159 ceteris
892 4108 1014 4158 ocaeano
1032 4104 1109 4156 'libris
1131 4124 1190 4156 neone
1216 4112 1325 4156 nomino-

41 4196 62 4243 le
80 4196 199 4250 dixerim.
251 4189 274 4223 ²⁰
293 4191 400 4255 ‘Cotys,
420 4193 527 4244 daemon
547 4195 593 4259 qui
612 4193 683 4258 apud
702 4193 861 4243 Corinthios
881 4192 992 4254 colitur,
1015 4191 1095 4241 foedse
1115 4190 1238 4240 libidinis
1256 4207 1325 4256 proe-

41 4283 92 4328 ies!
111 4277 259 4327 studeo.
322 4276 344 4308 ²⁷
362 4279 463 4327 omniu.
483 4279 623 4328 Vieiorum
647 4279 709 4327 edit.
780 4278 856 4328 Com.
876 4292 985 4327 movero
1005 4275 1165 4340 proverbium
1183 4277 1215 4324 de
1234 4277 1266 4325 tie
1284 4278 1327 4341 qui

41 4367 96 4413 dtro
114 4365 151 4411 ud
167 4378 196 4411 ae
214 4365 301 4411 motum
319 4369 459 4411 arcessunt.
527 4360 550 4393 ²⁹
568 4361 700 4412 Comedie
718 4364 779 4412 edd.
849 4361 871 4394 ³⁰
890 4362 969 4410 Nimio
987 4360 1113 4423 desotr'pot
1131 4375 1168 4408 me
1185 4360 1327 4422 proverbiis
1389 4408 1392 4413 .

41 4447 182 4495 lamonia.
253 4446 377 4495 surdior?
401 4448 462 4495 edit.
533 4448 629 4495 Litore
653 4445 808 4511 loquacior,
835 4439 938 4511 duplae
962 4442 1133 4508 tolloneos.
1157 4445 1324 4509 Diogenion.

41 4531 91 4580 tlt.
104 4529 147 4580 99.
163 4520 225 4593 (lut
242 4528 299 4579 τῶν
317 4520 502 4595 ἀδολέσχων.)
560 4528 579 4562 ⁸¹
600 4530 700 4589 Κινεῖς
718 4523 824 4596 χορδὰς
842 4523 892 4587 τὰς
910 4519 1073 4594 ἀκινήτους.
1092 4529 1165 4578 Plnt.
1185 4527 1219 4578 de
1238 4528 1325 4578 ondit.

41 4615 76 4664 l'l.
90 4631 117 4680 p.
135 4614 190 4664 157.
207 4614 249 4663 ed.
263 4615 359 4666 Reislr.
429 4613 450 4646 ⁸³
469 4615 560 4664 deret.
579 4617 595 4666 i.
609 4630 631 4664 e.
651 4617 853 4665 exsecrationum
869 4618 1012 4677 preputium,
1037 4620 1063 4662 ut
1081 4615 1157 4663 roorie
1174 4619 1212 4661 est
1230 4614 1256 4661 in
1274 4613 1326 4663 bul·

41 4704 62 4747 io
84 4700 262 4749 damnatoriis.
331 4698 354 4730 ⁸⁶
378 4697 504 4764 Caeneus]
529 4700 665 4759 „Femina
689 4704 771 4748 natus
795 4702 939 4762 erat...t
1000 4758 1003 4765 ι
