3210 5416
278 384 351 456 566
718 409 836 445 bracost
856 409 1128 445 PBBVDOEYNBKIU.

340 569 625 627 Maximinorum>
645 569 732 630 llalsa.
765 568 869 626 deiecta
901 575 945 624 est
970 567 1127 624 iamdudum
1158 567 1244 631 bestia
1274 568 1303 623 in
1333 567 1551 624 letralentissimun

280 673 401 717 mooun,
425 654 470 711 ubi
493 654 609 709 semisse
632 671 662 709 ac
684 670 798 710 corroso
820 670 835 707 a
859 651 1009 708 husonibus
1028 663 1057 708 et
1072 652 1169 726 hydris
1182 670 1293 708 russum
1308 663 1474 725 reparantur
1486 663 1552 709 artus.

211 753 270 800 aas.
344 738 503 795 Carolus
541 738 655 810 Dignum
684 755 798 812 prorsus
820 738 930 793 honnus
952 736 1126 811 supplicium.
1172 737 1324 793 Rdeunns
1347 738 1459 793 interim
1480 738 1508 793 al
1525 739 1553 792 is

278 826 413 881 stitutum.
458 823 522 896 quid
545 824 596 877 hoc
619 840 728 878 necesse
751 830 809 878 erat
833 822 899 878 adeo
923 831 950 877 te
973 826 1119 895 torquere?
1142 840 1206 878 uum
1229 823 1281 878 iam
1303 823 1394 878 ditata
1415 822 1554 878 ecelesiam

279 927 396 983 unquam
423 910 518 964 anteat
550 924 644 980 parum
674 907 723 962 tibi
753 907 870 969 ridetur,
910 914 940 963 ut
972 907 1182 981 quinquaginta.
1221 907 1276 962 imo
1305 916 1419 964 ceritum
1446 908 1568 963 moena

277 1010 349 1050 unus
378 992 515 1067 possideat
537 990 702 1047 Caralinalis?
731 1005 825 1066 parum
854 993 906 1047 hoc
934 1000 991 1054 est,
1020 999 1050 1069 ut
1072 992 1213 1065 Qiseopi.
1242 991 1310 1048 olim
1334 995 1450 1066 inopes.
1477 993 1554 1048 relicta

278 1079 371 1137 codiee
394 1086 516 1151 pugnent
538 1076 569 1134 in'
586 1078 699 1150 campo?
728 1078 844 1134 arundus
875 1077 935 1150 ipse
962 1077 1150 1135 sacerdotibus
1177 1086 1206 1134 et
1228 1077 1372 1133 monaclris
1397 1077 1493 1151 plenas
1511 1087 1555 1139 esu

280 1163 463 1238 principatus,
493 1169 658 1234 potestates,
687 1180 767 1235 opes,
797 1179 881 1235 regna
909 1179 1018 1235 quoque
1047 1162 1079 1217 ad
1107 1162 1262 1218 sacerdotes
1284 1162 1418 1220 devoluta
1439 1172 1511 1218 sunt:
1532 1171 1555 1216 ta

280 1249 312 1304 ad
336 1247 476 1320 pristinam
499 1245 573 1302 illam
595 1246 712 1319 inopiam
734 1256 764 1303 et
785 1255 972 1320 paupertatem
994 1246 1094 1303 Christi
1114 1246 1257 1302 ecclesiam
1278 1246 1429 1303 dosches?

212 1350 270 1396 §.uu
345 1331 607 1386 Maximilianus.
645 1331 701 1387 lloc
724 1332 810 1403 magis
831 1331 992 1404 lugendum:
1016 1340 1047 1387 tu
1068 1332 1127 1406 ipse
1149 1333 1393 1405 terumespende.
1417 1333 1454 1388 mi
1468 1331 1576 1392 emus

279 1417 302 1473 si
326 1417 351 1472 id
374 1433 492 1489 uuquam
513 1416 637 1472 docuerit
663 1416 801 1483 Cirristus.
832 1435 892 1489 qua
914 1416 1005 1473 cleriei
1034 1424 1064 1472 et
1092 1417 1216 1474 monachi
1245 1416 1348 1490 opibus
1371 1418 1491 1480 inhient.
1515 1426 1556 1471 tra

279 1510 355 1559 stent
376 1499 533 1563 secularia,
557 1500 611 1557 sint
634 1500 783 1563 aleatores.
806 1518 998 1574 percussores,
1026 1499 1171 1563 vinolenti.
1199 1501 1405 1563 concubinarii.
1429 1504 1556 1559 fornicato·

279 1604 337 1649 res;
362 1594 391 1641 ut
406 1585 594 1643 conventicula
608 1585 762 1641 llouialium
785 1585 938 1660 prostibula
954 1587 1024 1647 sint:
1047 1595 1078 1642 ut
1092 1586 1205 1648 indocti,
1227 1586 1327 1659 ignavi.
1351 1587 1481 1644 bestiales
1495 1587 1556 1660 papi

276 1671 378 1726 Christi
400 1669 608 1744 pretermissa
629 1670 679 1727 Sed
708 1671 765 1732 dic.
794 1672 889 1733 sodes,
920 1688 974 1744 quo
1002 1671 1060 1727 iure
1082 1680 1207 1734 cautum,
1236 1680 1267 1726 ut
1296 1680 1340 1727 tot
1366 1690 1498 1733 mones.
1525 1679 1556 1727 tot

279 1755 353 1828 leges
384 1755 411 1810 in
440 1772 571 1830 summam
599 1754 740 1812 vertantur
768 1755 908 1813 iniuriam:
937 1757 995 1813 vide
1024 1773 1088 1811 uum
1115 1765 1191 1813 ¹tauta
1213 1757 1385 1830 picturarum
1408 1759 1518 1814 varietas
1535 1765 1577 1810 eto

278 1840 387 1896 lascivia
410 1839 436 1894 ia
459 1838 594 1902 delubris,
619 1848 661 1895 tot
683 1849 817 1896 sectarum
840 1860 871 1897 ac
893 1840 1039 1897 lactionum
1061 1841 1197 1896 Christum
1218 1841 1412 1914 profitentium
1429 1840 1557 1898 nnldtnls

191 1940 192 1943 ’
278 1925 414 1999 expediat:
443 1924 559 1998 denique
582 1934 609 1980 et
629 1924 713 1985 multa
736 1924 803 1987 alia,
833 1943 893 2000 que
916 1927 938 1982 si
960 1926 1059 1988 dicam,
1082 1926 1140 1981 ilios
1162 1942 1205 1982 me
1226 1925 1343 1982 deficiet.
1389 1927 1501 1984 Frustra
1519 1943 1556 2000 po·

281 2019 337 2066 tato
360 2009 556 2083 expeditionem
580 2018 606 2068 te
628 2028 724 2084 parare
746 2011 773 2066 in
789 2011 916 2072 Turrem,
939 2011 966 2067 ni
989 2011 1047 2067 haec
1068 2011 1252 2067 emendaveris
1274 2012 1365 2084 prins.
1409 2013 1555 2086 Dispersan.

119 2105 123 2117 ⁴
211 2101 269 2150 btt-
281 2096 303 2151 si
326 2113 380 2151 non
403 2094 489 2168 magis
511 2095 591 2151 etiam
613 2095 715 2169 pietate
737 2097 931 2169 expugnandus
952 2097 989 2151 sit
1017 2112 1096 2170 quam
1124 2095 1220 2151 armis:
1250 2096 1381 2169 Apostoli
1410 2097 1458 2171 qui
1485 2105 1555 2152 torm

277 2188 468 2236 coirscrterunt
491 2179 598 2241 orbem,
621 2195 699 2252 qnam
723 2190 830 2252 gentem
853 2197 970 2253 unquam
993 2180 1076 2236 armis
1096 2181 1262 2236 reduxerunt
1284 2181 1318 2235 ad
1335 2182 1491 2242 Christum?
1511 2182 1576 2255 pies

259 2273 333 2347 state
355 2273 460 2327 autem,
483 2261 606 2320 doctrina
627 2283 659 2337 ae
682 2264 781 2321 virtute
803 2282 882 2338 reges
905 2274 932 2321 ct
955 2265 1139 2339 tyrannosad
1162 2281 1191 2320 se
1213 2276 1375 2340 rapuerunt.

341 2348 501 2404 Carolus
539 2349 683 2405 Assentior
706 2350 829 2422 uiridem.
853 2368 907 2422 quo
931 2367 994 2405 uero
1017 2359 1097 2425 pacto
1119 2349 1256 2423 perficiam
1271 2351 1383 2406 *nescim

340 2432 604 2490 llasimilianns.
641 2434 773 2496 Consilio.
806 2434 926 2496 uldini,
950 2435 1083 2491 honorum
1107 2427 1243 2497 circinum}
1271 2434 1350 2491 dabit
1377 2437 1450 2492 enim
1473 2435 1553 2491 tibist

278 2516 336 2574 baec
364 2527 430 2574 aetas
458 2517 650 2591 llierorsvmos,
678 2518 806 2581 Basilius.
836 2519 1059 2594 chrysostomos,
1089 2519 1212 2580 Cirillos‚
1241 2519 1324 2576 modo
1352 2520 1472 2577 volneris
1499 2521 1551 2594 ipsc

279 2619 422 2675 numquam
445 2602 497 2658 hoc
519 2602 624 2659 facilius
646 2604 718 2660 lactu
741 2604 794 2661 luit
816 2621 895 2677 quam
917 2621 1002 2666 tiunc,
1026 2605 1133 2678 qnando
1156 2602 1310 2678 linguarum
1333 2615 1363 2661 et
1384 2606 1509 2662 bonarum
1526 2604 1573 2658 lias

208 2696 399 2750 §.acterarum
427 2687 515 2744 studia
544 2697 687 2761 coeperuut
714 2689 904 2751 reflorescere:
933 2690 1036 2745 accedit
1063 2689 1136 2763 quod
1164 2689 1235 2749 bona
1262 2689 1422 2747 mortalium
1448 2689 1550 2766 panai

276 2772 329 2828 hoc
351 2772 465 2846 aspirat,
495 2780 525 2827 ut
548 2790 616 2846 pure
638 2791 805 2847 synceroque
827 2772 920 2831 colant
941 2775 1092 2830 Christum:
1121 2772 1188 2830 nihil
1210 2783 1301 2830 autem
1326 2793 1399 2850 opus
1421 2784 1462 2832 est
1480 2791 1548 2848 equos

275 2856 393 2919 calcare.
424 2857 468 2913 ubi
499 2857 596 2931 seipsis
625 2858 657 2913 ad
685 2876 794 2914 cursum
823 2868 886 2914 sunt
914 2853 1063 2933 proclives'
1099 2860 1235 2915 Praeterea
1257 2860 1281 2914 si
1303 2869 1333 2916 et
1355 2861 1383 2916 in
1406 2863 1498 2917 restris
1514 2859 1548 2913 de

275 2943 359 2998 cretis
382 2951 470 3017 ratum
493 2951 550 3004 est.
579 2952 610 3000 ut
633 2943 740 2999 biennio
764 2961 871 3017 semper
892 2943 1071 3017 provinciales
1094 2944 1190 3018 synodi
1216 2943 1407 3008 celebrentur,
1434 2942 1547 3019 praemiii

276 3036 367 3086 autem
388 3027 503 3086 concilia
527 3027 649 3101 quolibet
670 3028 801 3084 decennio
824 3028 988 3091 habeantur.
1017 3028 1154 3101 quomodo
1181 3029 1231 3084 iam
1261 3047 1319 3085 non
1341 3033 1454 3087 maxime
1474 3040 1569 3085 necess

277 3112 394 3176 sarium,
417 3111 463 3168 nbi
487 3112 520 3167 ab
543 3113 618 3168 aunis
642 3111 685 3167 lx.
701 3111 805 3168 nullum
829 3112 882 3169 tale
903 3115 941 3169 sit
961 3113 1095 3175 habitum.
1125 3122 1154 3169 et
1175 3121 1251 3170 totus
1274 3115 1338 3189 ipse
1358 3116 1472 3172 mrmdus
1490 3114 1546 3170 abire

277 3197 390 3269 emperit
413 3206 477 3269 post
499 3197 660 3258 Sathanaml

208 3297 266 3346 §.aa
342 3278 500 3336 Carolusl
537 3282 650 3340 Adnitar
666 3282 766 3358 ‚quoad
790 3290 897 3355 potero.
941 3283 1139 3356 Ternpestivum
1168 3292 1210 3338 est
1238 3293 1269 3339 ut
1298 3303 1398 3342 rursus
1426 3285 1508 3342 abeam
1526 3282 1544 3336 it

275 3365 369 3425 vitam,
393 3382 427 3420 no
450 3364 554 3439 hugliac
577 3366 617 3422 vel
639 3365 786 3425 Galliarum
809 3384 856 3423 res
877 3366 957 3423 nobis
980 3367 1066 3423 irruat
1088 3369 1115 3423 in
1138 3385 1262 3440 regnum.

340 3448 478 3505 Canius.
515 3449 631 3522 bagusta
654 3451 730 3525 prius
753 3451 878 3524 cyathum
902 3469 984 3508 unum
1006 3453 1132 3509 nectaris.
1246 3518 1252 3531 .
1549 3461 1566 3499 l

289 3594 291 3599 ¹
336 3532 490 3589 Carolus.
529 3533 584 3601 Qua
607 3535 673 3592 mibi
692 3536 863 3602 redeundum
882 3537 969 3593 viam?
1245 3531 1247 3536 ⁸

337 3615 475 3673 Canius.
513 3617 641 3675 Semitam
663 3620 821 3676 monstrabo
846 3621 951 3678 breuem
975 3621 1144 3696 facilemque.

336 3700 494 3758 Carolus.
534 3703 611 3766 Vale,
634 3704 811 3761 blasimiliane
835 3705 997 3762 beatissime.
1064 3754 1067 3758 .

206 3802 263 3852 aaa.
337 3786 607 3843 llaximilianus.
646 3788 709 3843 Sine
731 3797 811 3844 uttte
832 3790 975 3847 deosculer
997 3792 1081 3866 prius.
1125 3791 1163 3846 llii
1188 3792 1237 3847 tibi
1261 3801 1338 3856 tuam
1361 3795 1497 3851 fortunent
1512 3808 1542 3845 ta·

271 3870 436 3933 letudinem.
459 3871 511 3933 sili,
536 3890 591 3946 quo
614 3872 672 3930 haec
693 3873 731 3928 ita
753 3875 909 3948 exequaris!
1545 3882 1561 3920 ω

337 3957 475 4017 Genius.
513 3958 608 4014 Cernis
630 3957 829 4016 subobscurum
852 3967 987 4033 tenueque
1003 3979 1034 4017 ac
1048 3960 1130 4017 veluti
1146 3978 1195 4035 per
1211 3962 1306 4022 rimam
1325 3964 1441 4020 induens
1456 3959 1541 4020 lumen?

337 4041 493 4099 Carolus.
531 4042 621 4102 Video.
648 4044 655 4110 g
979 4065 983 4072 ·

338 4126 475 4183 (lenius.
513 4127 582 4184 lllud
604 4127 710 4184 Patritii
733 4135 855 4197 antrum,
883 4129 979 4186 deinde
1002 4128 1136 4204 llispaniae
1159 4131 1354 4189 subterranea:
1386 4134 1434 4190 hac
1454 4133 1541 4188 desset

274 4210 336 4272 das,
358 4220 442 4284 atque
465 4211 528 4270 ilico
552 4213 636 4268 literis
658 4213 685 4268 in
709 4209 805 4286 patria.

204 4309 262 4359 §.aa
338 4295 491 4352 Carolus.
516 4297 645 4367 ‘Gratiam
667 4297 768 4359 habeo,
792 4298 865 4357 Cani.
1540 4303 1556 4341 ⁴³

337 4378 475 4455 Genius.
509 4380 541 4437 Et
564 4382 612 4452 tihi
635 4382 723 4439 omnia
745 4383 889 4446 succedant
911 4384 942 4440 ad
966 4393 1041 4455 rota,
1064 4384 1159 4442 Carole
1182 4394 1279 4460 terque
1302 4395 1451 4462 quaterque
1471 4385 1535 4441 sais-

278 4493 478 4504 *—

341 4560 352 4591 ⁷
370 4560 478 4626 codiee]
496 4534 600 4616 saarim
652 4562 674 4595 ²⁹
693 4553 851 4631 caeparum
868 4567 927 4617 em
981 4565 1024 4617 cr.
1038 4583 1159 4620 oenones
1177 4564 1510 4620 alamannium
