3232 5422
255 351 327 422 344
426 366 516 415 VIIII.
587 380 844 415 rromrorrruuvs.
915 381 1262 416 urauouvsnvrrrurcrs.
1290 365 1373 428 (¹5on

253 543 282 597 et
305 553 362 614 qua
383 534 557 595 sanctissimi
580 535 733 611 pontifices
754 552 788 593 ac
810 551 971 612 permagna
994 533 1075 594 orbis
1097 534 1255 595 Christiani
1282 553 1352 613 pars
1379 536 1536 614 ingrediun-

252 644 316 706 tur,
351 636 387 696 ad
410 635 534 696 eandem
557 633 681 695 salutem
703 637 859 714 pervenire
880 636 965 705 licet;
1001 643 1063 696 tum
1087 637 1111 695 si
1133 635 1360 715 periclitandum
1389 645 1447 707 cst,
1480 656 1536 698 cum

254 736 352 798 multis
374 738 479 798 iacitur
500 739 611 797 rectius
633 736 696 797 alea
719 755 806 816 quam
829 756 896 797 curn
920 756 979 797 uno
1001 745 1031 798 et
1053 737 1155 798 altero.

185 856 243 905 §.a-i.
317 858 491 901 uvrusrvs.
529 837 610 898 Nolis
634 840 720 898 etiam
743 857 810 897 cunr
833 838 932 898 multis
954 840 1067 917 perire:
1098 841 1155 899 iam
1179 840 1235 902 lroc
1257 842 1336 901 enim
1352 841 1437 902 rideo
1451 842 1537 901 lacere

254 950 299 1010 te,
323 942 399 1001 utin
416 940 572 1001 discrimen
596 940 672 1000 ultro
695 947 723 1000 te
748 942 863 1000 olleras.
893 940 970 1019 quod
995 940 1096 1001 desine
1118 942 1251 1013 taudem,
1276 950 1304 1003 et
1326 943 1398 1002 mibi
1414 943 1554 1020 permittes

253 1043 367 1104 hortari
389 1049 418 1102 te
441 1048 529 1119 atque
551 1042 637 1102 etiam
660 1059 746 1101 orare
770 1051 798 1101 et
820 1060 875 1120 per
898 1042 1005 1102 Christi
1028 1038 1137 1102 viscera
1162 1042 1318 1112 obtestari,
1343 1063 1382 1104 ne
1404 1052 1434 1104 te
1454 1046 1536 1103 inrer-

252 1145 373 1206 tendum
397 1142 545 1220 praebeas:
569 1142 625 1202 iarn
648 1160 843 1221 permaguum
867 1145 922 1205 leci
944 1162 1011 1203 meo
1033 1143 1100 1204 alibi
1116 1144 1217 1205 labore
1234 1146 1381 1214 lructum;
1405 1147 1536 1206 sinerum

174 1268 179 1277 ·
252 1242 401 1321 ,lupmssgultssfflj
424 1237 431 1308 1
454 1251 496 1302 tot
518 1243 636 1303 milibus
659 1253 738 1305 tuam
762 1264 880 1324 quoque
902 1244 1059 1305 animulam
1083 1243 1210 1305 elucrari
1232 1265 1290 1306 me.

317 1364 468 1406 nomano.
506 1345 571 1404 Non
593 1352 690 1421 potes:
714 1348 772 1406 iam
795 1347 868 1407 alius
890 1346 980 1406 habet
1002 1347 1079 1406 enirn
1102 1354 1249 1426 tenetque.

316 1466 489 1508 nvrnmevs.
528 1445 599 1516 Quis
620 1446 728 1507 babet?
1357 1464 1359 1470 ⁴
1547 1461 1563 1498 u

316 1569 466 1610 nourror.
505 1547 605 1607 llomae
628 1556 687 1617 est,
710 1547 750 1607 ibi
773 1556 898 1610 tenetur.

316 1669 488 1712 svrrsnvs.
519 1648 653 1709 Nobilem
666 1652 881 1727 possessionem
898 1670 984 1730 quam
998 1652 1116 1728 indigno
1129 1651 1290 1729 deposuisti
1301 1651 1383 1712 loco:
1400 1652 1540 1731 perdetur.

318 1772 468 1814 nourrou.
505 1752 542 1810 at
563 1752 625 1829 ipse
648 1750 752 1811 melius
774 1769 871 1829 spero.

188 1872 245 1919 eac.
320 1874 493 1916 uvrrmnvs.
532 1852 574 1912 lle
596 1871 648 1930 spe
670 1871 729 1913 uon
752 1853 954 1931 repreliendm
977 1854 1029 1914 scd
1052 1862 1084 1914 ut
1106 1856 1164 1913 cito
1186 1854 1393 1932 quodspcras
1409 1855 1544 1932 adsequa-

255 1953 463 2030 fflfflfflpgfjgffi
484 1955 541 2024 ris,
565 1962 667 2033 repete
683 1954 720 2015 ab
744 1954 818 2014 urbe
840 1955 1021 2033 depositum:
1044 1973 1104 2015 uon
1128 1965 1222 2016 tutum
1246 1962 1291 2015 est
1314 1957 1419 2016 animis
1442 1955 1607 2016 versario³

254 2058 369 2119 liouuo:
404 2057 461 2117 boc
484 2055 553 2116 illud
578 2063 622 2116 est
644 2056 818 2117 barathrum
841 2058 933 2125 enim,
967 2057 1046 2135 quod
1070 2076 1137 2118 cum
1161 2076 1279 2135 semper
1301 2065 1400 2127 voret,
1436 2076 1546 2136 semper

199 2185 207 2193 ·
255 2168 351 2219 tamen
375 2160 481 2226 esurit,
505 2177 601 2236 neque
624 2171 754 2237 uuquam
776 2165 940 2227 saturatum
970 2158 1033 2219 brec
1062 2157 1110 2218 illa
1139 2158 1183 2218 est
1211 2177 1337 2237 vorago,
1369 2159 1420 2220 illa
1444 2159 1547 2238 Chary-

257 2260 323 2319 bdis
345 2277 411 2337 qum
434 2257 574 2319 absorbet
597 2276 652 2319 nec
675 2262 814 2329 revomit,
838 2268 927 2338 atque
950 2259 988 2319 ibi
1012 2262 1119 2320 misere
1134 2261 1308 2320 irretiuntur
1324 2263 1432 2321 animae
1448 2269 1476 2322 et
1490 2261 1548 2321 illa·

206 2397 225 2426 .
254 2359 337 2436 &3352
366 2359 374 2430 Ι
407 2368 553 2438 queantur
587 2367 705 2420 aeternae
740 2361 914 2441 perditionis
953 2360 1086 2421 neribus.
1138 2361 1230 2422 redde
1263 2360 1381 2422 Christo
1414 2365 1548 2431 animam,

256 2461 360 2530 redde,
383 2462 490 2521 amice!
1558 2476 1580 2514 ao

187 2568 247 2617 §.tt
320 2581 470 2624 nourron.
508 2562 628 2635 Quoties
650 2564 761 2634 dicam,
785 2565 897 2625 idcirco
919 2564 1021 2624 Romae
1043 2564 1172 2625 deditum
1196 2583 1257 2634 me,
1288 2572 1321 2624 ut
1344 2565 1454 2626 Christi
1481 2567 1552 2626 siml

319 2683 492 2726 cvrusnvs.
530 2664 633 2732 Erras,
668 2665 716 2725 bic
739 2675 767 2726 te
790 2666 830 2726 illi
853 2666 1005 2733 dabimus:
1039 2667 1087 2726 bic
1109 2667 1139 2725 in
1169 2665 1293 2725 salutem
1322 2666 1552 2727 vindicabimus:

256 2766 336 2835 veni,
360 2783 407 2825 me
430 2783 572 2845 sequere;
596 2785 721 2845 sequere
744 2787 806 2835 me,
830 2769 872 2828 sic
895 2777 924 2827 tc
947 2768 1080 2828 Christus
1102 2776 1180 2828 amet
1201 2774 1230 2827 et
1251 2770 1363 2827 servet!
1463 2758 1469 2770 ’

318 2887 471 2929 uomrore.
510 2869 545 2927 At
573 2869 630 2927 iarn
660 2869 717 2928 boc
748 2871 836 2929 vetuit
870 2887 1003 2929 summus
1031 2868 1079 2929 ille
1109 2875 1223 2946 pastor,
1257 2869 1454 2930 damnaturus
1480 2871 1555 2931 banc

254 2988 342 3049 quarn
365 2977 397 3030 tu
420 2970 519 3029 nescio
542 2988 601 3048 quo
623 2969 732 3030 lucrari
751 2969 835 3030 >voles
857 2969 1015 3030 animulam
1037 2988 1132 3030 meam
1157 2970 1252 3029 modis
1274 2969 1432 3041 omnibus,
1457 2974 1481 3032 si
1501 2970 1584 3031 ubic

255 3089 383 3150 unquam
406 3078 556 3148 utcunque
578 3078 768 3132 conversatus
792 3073 884 3133 luero.
929 3074 980 3132 sed
1005 3073 1074 3151 quid
1098 3072 1207 3132 diutius
1230 3072 1355 3132 detineri
1378 3091 1428 3131 me
1449 3075 1554 3150 patior,

255 3174 304 3250 qui
327 3190 385 3231 nou
408 3179 441 3231 ut
464 3171 526 3233 baec
548 3174 695 3242 audirem,
718 3174 771 3234 scd
795 3174 830 3234 de
854 3193 901 3233 me
923 3182 956 3233 ut
978 3192 1129 3236 monerem
1153 3181 1182 3235 et
1203 3173 1351 3233 discessus
1366 3173 1438 3234 binc
1454 3183 1482 3235 te
1498 3177 1554 3234 mei

256 3275 411 3334 certiorem
435 3274 579 3342 iacerem,
604 3274 797 3335 adveneram?
1010 3280 1013 3285 ’

187 3393 245 3442 eos.
319 3395 492 3436 uvrnsrvs.
530 3375 623 3447 Quem
647 3378 714 3456 quia
737 3375 918 3437 familiariter
939 3378 1051 3446 audivi,
1084 3377 1127 3437 las
1155 3383 1198 3435 est
1228 3384 1256 3436 te
1286 3395 1406 3455 quoque
1431 3378 1553 3437 uicissim

254 3476 357 3536 audire
379 3493 435 3535 me.
1562 3491 1585 3528 u

318 3597 469 3638 uomron.
507 3579 616 3639 Audire
638 3579 736 3640 adhuc
758 3597 846 3658 quem
869 3586 900 3640 tu
923 3587 967 3639 tot
989 3580 1086 3640 verbis
1109 3579 1246 3640 obtudisti
1275 3579 1325 3638 diu
1350 3580 1428 3639 iamt
1458 3587 1553 3639 tamen

254 3679 279 3737 si
301 3676 457 3756 aliquando
480 3680 568 3740 linem
592 3681 698 3750 lacias;
722 3699 890 3760 quanquam
914 3700 1018 3741 vereor
1041 3682 1142 3750 etiam,
1167 3699 1203 3740 ne
1226 3682 1276 3759 qui
1292 3680 1462 3741 Romanurn
1479 3681 1553 3741 Pou-

255 3781 361 3840 tiliccui
386 3780 474 3840 iacias
496 3782 632 3860 inopem,
665 3801 712 3844 me
741 3802 859 3862 quoque
888 3783 1127 3861 persuasionibus
1150 3782 1318 3842 'istiusmodi
1343 3783 1399 3842 tuis
1423 3783 1461 3843 ad
1484 3802 1553 3861 pau·

256 3889 398 3961 pertatem
422 3881 578 3962 aliquando
601 3884 727 3960 redigas.
870 3965 872 3970 .

186 4008 244 4058 §.ae
318 4005 490 4046 urrunnvs.
529 3987 551 4045 Α
580 4005 628 4045 me
657 3986 774 4063 quidem
804 4003 862 4044 non
891 3989 950 4046 eris
976 3993 1007 4047 tn
1036 4004 1164 4065 pauper,
1198 4003 1286 4063 quem
1316 4004 1372 4063 ego
1395 3984 1607 4046 virtutibus&

254 4084 436 4163 locupletare
458 4106 576 4166 quoque
598 4090 758 4166 proposui;
792 4106 888 4167 neque
918 4087 998 4148 illurn
1027 4089 1145 4165 inopem
1175 4086 1290 4147 reddidi
1312 4093 1372 4145 aut
1401 4094 1551 4164 egentem:

254 4183 400 4271 sslf‘ssffiffij
424 4177 431 4248 l
455 4188 534 4265 quod
558 4196 590 4248 ut
611 4186 770 4265 intelligas
806 4191 854 4267 qui
877 4192 969 4268 possit
991 4191 1077 4266 inops
1099 4189 1155 4248 dici
1178 4194 1229 4247 ant
1250 4205 1378 4263 egenus,
1414 4188 1439 4246 si
1462 4207 1498 4248 ex
1519 4188 1551 4245 iis

255 4301 320 4363 qum
343 4306 397 4365 ego
421 4306 527 4349 moneo
551 4289 658 4349 lormet
680 4307 726 4358 so,
751 4308 817 4350 cum
839 4298 920 4351 totus
942 4293 971 4350 in
987 4290 1103 4350 Christo
1120 4291 1236 4349 tuturus
1251 4296 1322 4348 tunc
1337 4291 1387 4357 sit,
1413 4291 1464 4367 qui
1478 4305 1550 4349 nun·

185 4416 190 4432 =
256 4406 344 4464 quam
366 4405 471 4465 passus
493 4398 537 4450 est
560 4408 648 4468 egere
670 4391 755 4451 suos?
785 4410 821 4451 an
852 4410 910 4450 uon
933 4393 1037 4453 audisti
1058 4409 1124 4451 cunr
1148 4392 1198 4469 qui
1220 4390 1289 4449 dicit
1319 4390 1432 4451 ‘lunior
1460 4390 1501 4450 lui
1522 4395 1549 4448 ot

255 4490 354 4558 senui,
378 4495 408 4548 et
430 4507 489 4548 non
512 4490 569 4551 vidi
592 4493 700 4552 iustum
723 4492 912 4563 derelictum,
936 4509 1114 4554 nec'semen
1137 4494 1199 4552 eins
1222 4509 1359 4570 quaerens
1380 4490 1514 4569 panem'?
1553 4504 1582 4531 ’ν

258 4603 459 4615 Ἣ

307 4672 328 4704 ¹⁵
345 4671 499 4738 dopositum
514 4678 537 4722 1.
586 4673 606 4706 ¹⁸
625 4677 857 4728 irretiunturedd.
905 4675 927 4709 ³²
946 4682 1084 4743 queuq31.
1137 4672 1251 4742 ¹⁹⁹dicit]
1266 4673 1542 4726 Psalmxxxsnao.
1601 4711 1607 4715 .
