3188 5422
218 362 222 368 =
245 384 308 436 XII.
379 374 523 434 remmus.
549 404 553 412 ·
595 396 734 432 erinoovs
759 392 932 432 uvea-errove
960 381 1135 444 (rosrrrrvs).
1262 367 1331 436 411

37 525 196 631 senterius
218 553 369 631 scripserit
391 552 559 620 historiam,
588 552 747 629 minusque
766 549 919 611 effectibus
940 550 1085 611 tribuerit
1131 552 1217 611 etiam
1241 557 1338 612 autom

37 655 232 715 Germaniam
255 654 381 722 rideret,
417 661 446 715 et
467 655 562 732 gentis
585 654 647 714 eius
670 672 768 713 mores
790 653 960 730 descripsit,
990 671 1029 712 ac
1056 670 1156 714 rerum
1180 651 1219 713 ibi
1241 661 1335 730 gesta·

35 773 110 816 rum
133 757 188 816 luit
209 773 352 835 perquam
373 755 530 815 studiosus.
1356 820 1363 847 ⁵

106 877 267 919 rrunrms
304 857 396 934 lgitur
419 856 483 918 talis
505 857 559 917 iste
582 875 649 917 cum
673 856 777 924 luerit,
808 864 836 917 et
862 875 963 916 rerum
992 875 1124 917 mearum
1152 856 1230 916 baud
1255 859 1396 943 igne-tt.

21 974 94 1018 lmus
116 960 161 1019 sic
182 959 219 1019 de
241 977 289 1018 me
310 959 453 1035 scriptum
475 957 642 1036 reliquerit,
671 966 704 1018 ut
725 968 838 1042 taccam
861 958 1000 1035 deinceps
1029 976 1099 1035 ego,
1128 956 1255 1017 dubitari
1277 975 1335 1017 non

38 1066 140 1138 potest
169 1061 239 1138 quin
269 1060 386 1120 maximi
414 1078 479 1120 csse
507 1061 648 1122 momenti
677 1061 748 1126 iure>
768 1041 877 1119 debeat
903 1059 961 1118 boc
991 1058 1135 1119 ab-hoste
1158 1044 1336 1137 perhibitum

36 1163 115 1222 milri
139 1164 346 1222 {testimonium
370 1205 372 1209 ,
391 1162 539 1240 Principio
562 1161 762 1223 ‘liberatorem
786 1160 959 1221 Germaniae'
988 1168 1087 1230 voeat,
1117 1160 1196 1239 quod
1220 1168 1264 1221 est
1286 1159 1336 1221 ali-

37 1263 114 1343 quid
136 1263 228 1324 credo
251 1266 401 1342 eripuisse
416 1265 444 1322 vi
465 1282 500 1323 ac
522 1264 613 1326 armis
635 1264 817 1342 provinciam
840 1262 980 1323 Romanis
1003 1271 1035 1322 ut
1055 1270 1128 1324 tunc
1150 1264 1285 1342 luerunt,
1308 1269 1337 1322 et

37 1364 147 1425 iisdem
176 1366 271 1426 inritis
297 1383 473 1444 summeque
501 1372 604 1426 contra
632 1367 698 1425 nisu
728 1364 903 1425 conantibus
929 1363 1092 1424 vindicasse
1121 1367 1149 1424 in
1171 1363 1335 1424 libertatem

21 1466 301 1545 lquosserrircilli
324 1467 524 1528 decreverant.
572 1466 692 1534 Deinde,
716 1467 794 1545 quod
816 1474 897 1526 recte
913 1467 1093 1535 maximilit,
1116 1465 1185 1527 illud
1202 1484 1250 1526 me
1273 1467 1403 1529 ‘im-tto.
1440 1506 1442 1509 -

38 1568 168 1646 perium'
198 1587 255 1655 nup
284 1588 351 1630 cum
380 1569 562 1630 adolesceret
589 1576 650 1630 tum
680 1575 709 1629 et
737 1569 950 1628 incrementum
979 1565 1140 1645 acciperet,
1176 1569 1262 1627 ‘sicut
1289 1565 1336 1628 alii

39 1688 130 1747 reges
152 1670 320 1747 ducesque’,
354 1671 495 1748 Pyrrhus,
520 1678 658 1739 autumo,
691 1669 852 1730 Antiochus
875 1677 904 1728 et
924 1671 979 1729 iste
1000 1668 1161 1738 Hannibal,
1195 1669 1249 1729 sed
1269 1687 1335 1728 cum

39 1771 223 1833 consistebat
244 1772 302 1832 iam
324 1779 353 1833 et
374 1775 500 1833 maxirne
523 1772 662 1841 florebat,
692 1789 750 1831 non
780 1770 891 1831 bellum
919 1770 1049 1831 luterens
1071 1772 1259 1839 sustinuisse,
1287 1791 1337 1831 re-

40 1891 111 1933 rum
134 1872 212 1933 ultro
235 1873 405 1934 lacessendo
429 1875 518 1935 armis
541 1876 715 1952 impetiisse,
749 1891 899 1951 unumque
927 1891 962 1931 ex
986 1871 1123 1932 omnibus
1146 1873 1251 1932 invicte
1273 1871 1334 1932 bel·

21 1974 106 2034 ¹·lum
128 1956 232 2036 contra
253 1975 408 2036 Romanos*
424 1964 601 2055 transegisse
624 1976 701 2036 dicit.
747 1993 838 2052 quare
866 1975 953 2035 etiam
981 1974 1183 2050 dignissimum
1211 1974 1404 2039 arbitra-§.m

40 2083 91 2136 tur
113 2096 204 2155 quent
217 2076 389 2138 Graecorum
405 2080 515 2156 pariter
531 2085 560 2137 et
574 2079 745 2138 Latinorum
761 2075 880 2136 annales
895 2074 1053 2136 eelebrent.
1078 2075 1188 2148 Quodsi
1204 2076 1334 2142 omnium

41 2196 190 2241 consensu
212 2179 292 2239 nulla
318 2179 370 2239 luit
392 2197 521 2257 unqrram
545 2180 638 2240 maior
661 2197 747 2258 quam
764 2152 965 2239 Romanorum
980 2183 1125 2255 potestas,
1140 2176 1260 2239 nullum
1275 2195 1336 2237 am·

40 2279 120 2357 plius
141 2299 157 2340 a
180 2281 298 2341 condito
322 2299 384 2340 aero
405 2282 577 2358 imperium,
602 2289 630 2340 ct
652 2281 706 2340 bo's
729 2298 783 2356 ego
806 2281 861 2341 rici
883 2298 951 2339 cum
973 2281 1003 2339 in
1026 2279 1099 2341 llere
1112 2288 1220 2341 essent
1240 2299 1274 2340 ac
1297 2281 1336 2339 ri-

40 2378 147 2459 gerent
170 2380 345 2460 plurimum,
368 2384 536 2445 rectissime
553 2400 701 2445 summum
724 2382 935 2460 lmperatorem
959 2389 988 2442 et
1010 2384 1039 2442 in
1061 2401 1095 2442 re
1117 2381 1220 2443 bellica
1243 2383 1336 2469 omni·

21 2482 100 2543 »tus
128 2490 316 2561 prestantem
344 2503 391 2545 me
421 2484 608 2544 iudicandum
636 2465 781 2552 arbitror,
815 2485 957 2558 infinitam
985 2485 1159 2563 potentiam,
1194 2484 1335 2544 maximas

41 2587 133 2654 vires,
158 2602 310 2645 summum-
328 2587 484 2664 imperium
507 2586 557 2664 qui
585 2584 663 2646 bello
691 2587 906 2663 superaverim:
942 2588 995 2646 etsi
1023 2587 1120 2659 minus
1148 2585 1219 2646 nibil
1251 2585 1334 2646 velim
1345 2607 1403 2656 en.

42 2705 132 2764 quam
154 2685 280 2748 alienam
302 2687 479 2748 defraudare
501 2686 624 2763 gloriam
647 2694 697 2746 aut
718 2706 820 2748 rerum
842 2687 879 2748 ab
902 2689 964 2748 istis
977 2695 1128 2765 gestarum
1144 2690 1250 2748 lamam
1266 2707 1334 2766 pre·

41 2807 134 2849 mere.
180 2807 247 2848 nam
270 2777 436 2868 tenuissimo
459 2805 576 2866 semper
598 2789 696 2849 animo
710 2790 828 2858 leram,
852 2797 979 2867 quantus
1001 2791 1125 2868 quisrpre
1147 2797 1199 2856 est,
1223 2796 1334 2848 tautum

42 2889 145 2950 beberi
168 2889 205 2950 ab
229 2890 379 2959 omnibus,
414 2891 451 2950 de
473 2909 579 2969 meque
601 2908 669 2951 curn
692 2890 802 2957 dicam,
837 2891 900 2949 sine
919 2878 1166 2951 invidiadicam:
1200 2891 1333 2951 luitboc

21 3005 162 3069 ssemper
183 2992 313 3052 studium
336 2991 407 3051 mibi
430 3000 552 3071 propter
573 3010 605 3052 sc
633 2993 769 3053 virtutem
799 2990 910 3058 colere:
944 2992 981 3052 dc
1009 2992 1103 3067 gloria
1129 2993 1229 3051 curavi
1255 2992 1333 3051 baud

42 3091 186 3160 multum,
216 3094 325 3172 quippe
347 3095 417 3153 satis
440 3112 504 3155 esse
526 3096 734 3155 conscientiam
757 3094 825 3153 lacti
848 3093 1023 3162 existimeri3
1055 3113 1151 3172 neque
1173 3111 1253 3153 nrrue
1277 3095 1404 3165 lamere.

42 3213 75 3253 ea
99 3202 144 3254 est
166 3195 332 3271 arrogantia
356 3202 390 3255 ut
416 3213 479 3273 prae
506 3215 553 3255 me
581 3195 652 3255 ulios
681 3196 770 3256 duces
798 3204 1000 3264 contemnam,
1033 3214 1089 3261 uec
1116 3194 1186 3255 illud
1217 3194 1334 3273 quidem

40 3296 114 3356 mibi
136 3315 225 3355 stillio
245 3304 277 3356 ut
300 3315 364 3356 esse
387 3296 499 3358 rudium
523 3317 571 3357 me
593 3298 776 3374 superiorem
800 3297 979 3361 contendere
995 3296 1095 3357 velim:
1119 3299 1215 3376 potius
1230 3300 1253 3373 si
1270 3298 1336 3376 quis

41 3404 102 3463 est,
126 3416 242 3476 equum
265 3416 372 3457 censeo
396 3405 427 3458 ut
448 3399 539 3476 ipsius
561 3418 679 3478 quoque
702 3399 845 3460 habeatur
867 3400 914 3459 lric
936 3400 1029 3459 ratio:
1051 3399 1102 3459 sed
1126 3401 1232 3478 (lignus
1254 3401 1334 3460 renis

21 3514 111 3558 tsuur
134 3499 158 3557 si
180 3517 284 3558 eorum
304 3501 357 3576 qui
378 3499 416 3559 de
439 3500 493 3559 bac
515 3499 602 3561 laude
624 3509 811 3562 certaverunt
833 3502 943 3570 adbuc,
978 3512 1011 3561 ex
1042 3502 1219 3563 conscientia
1247 3520 1334 3580 nege»

42 3619 113 3659 vero
136 3598 186 3659 ulli
208 3619 226 3660 a
248 3618 296 3661 me
319 3601 441 3661 concedi
463 3608 611 3678 oportere.
656 3603 745 3682 idque
776 3603 855 3664 baud
884 3610 996 3664 temere
1023 3606 1132 3664 sentire
1161 3603 1210 3664 m‘e
1237 3611 1334 3665 risten

39 3701 124 3769 dam,
148 3702 173 3760 si
194 3702 313 3761 audiem
335 3703 397 3769 isti,
421 3709 453 3764 ut
475 3703 628 3764 audituros
650 3704 840 3781 pollicentur,
864 3704 940 3765 bona
964 3706 1092 3766 arbitror
1114 3707 1237 3767 ratione.

105 3822 210 3864 amos.
228 3832 231 3835 v
248 3803 387 3872 tudem,
411 3823 465 3881 pro
489 3806 559 3883 ipsis
580 3807 722 3882 spondeo.

105 3924 267 3965 neuturus.
301 3905 436 3965 -l'rimum
466 3907 558 3981 igitur¹
581 3907 649 3984 rpuia
684 3907 844 3985 plurimum
879 3910 979 3970 lerunt
1011 3912 1040 3970 in
1069 3910 1127 3970 boe
1154 3927 1264 3987 ponere
1293 3917 1330 3976 te,
1342 3927 1417 3982 §.irs

21 4004 202 4074 ittennibat,
231 4006 311 4082 quod
339 4026 356 4065 a
384 4008 480 4084 parvis
508 4008 596 4067 initiis
623 4009 659 4068 ad
682 4010 859 4087 amplissima
883 4004 1063 4081 incrementa
1086 4028 1263 4090 progressus
1284 4011 1332 4079 sis,

39 4106 173 4175 docebo,
196 4108 220 4166 si
243 4106 306 4178 brec
328 4107 421 4183 gloria
448 4109 499 4177 sit,
534 4118 643 4187 quanto
673 4110 817 4170 debeatur
844 4111 915 4170 milri
947 4115 1056 4172 rectius
1084 4129 1171 4189 quam
1202 4120 1252 4187 eut
1280 4111 1332 4172 tibi

39 4215 91 4267 aut
114 4206 179 4267 ulli:
213 4225 280 4267 nam
303 4227 407 4269 eorum
430 4210 480 4287 qui
503 4228 551 4270 res
574 4209 732 4288 praeclaras
754 4219 924 4287 gesserunt,
959 4231 1046 4273 nemo
1074 4198 1235 4272 melioribus
1257 4213 1332 4272 dilli-

39 4308 199 4369 cultatibus
221 4310 321 4369 enisus
343 4317 393 4371 aut
414 4311 599 4387 gravioribus
621 4313 699 4371 eirca
722 4312 938 4390 impedimentis
960 4314 1103 4376 eluctatus
1125 4321 1177 4374 est.
1216 4315 1263 4375 cui
1278 4333 1331 4393 pe-

40 4412 128 4471 tentia
158 4409 277 4486 quidem
307 4429 371 4471 esse
399 4431 464 4490 quui
492 4414 588 4491 potuit
615 4414 705 4473 rebus
725 4414 774 4474 sic
797 4413 918 4491 perditis
940 4423 969 4475 et
991 4415 1166 4492 deploratis?
1200 4415 1330 4476 authori-

21 4520 85 4571 rus
108 4527 178 4571 reru
201 4518 233 4571 ut
255 4519 346 4580 esset,
378 4512 439 4590 ipsa
462 4532 521 4572 non
544 4512 658 4574 sinebat
680 4523 764 4575 aetus:
794 4533 885 4593 quare
908 4515 987 4603 solus
1011 4534 1069 4575 non
1093 4518 1146 4578 luit
1160 4517 1332 4580 Alexander

105 4695 128 4751 ῃ
148 4695 233 4745 lectis
250 4697 309 4745 edd.
