3232 5422
199 404 305 457 ‘Vlll
376 420 691 456 arimasnvrmrcmo.
750 415 1092 452 nranoavsavrruurcrs.
1129 397 1213 462 (turn.)
1295 381 1367 452 317

132 598 247 641 avana.
285 577 348 652 Ego
369 593 440 635 vero
462 575 557 635 inanis
580 573 656 634 haud
678 590 755 632 sum.
1019 586 1020 589 ’
1259 565 1360 642 illlis⁴

134 698 311 741 marauna.
350 677 470 744 Nescio,
494 676 550 735 nisi
565 681 707 753 qrrantum
723 693 757 733 cx
775 681 803 732 tc
818 672 907 732 didici
922 670 1026 737 modo,
1051 688 1118 729 cum
1134 668 1232 728 aiebas
1248 685 1312 727 esse
1329 674 1366 727 te.

134 801 247 842 aviana.
286 779 414 839 Pecunia
437 776 586 845 dicebam,
610 784 640 836 et
662 777 747 852 lrugc
769 774 930 834 lructilcra.

134 901 309 944 averanus.
340 879 426 941 aliua
440 886 596 949 astantem
609 896 668 956 quo
682 874 847 954 implearis,
863 874 1100 956 quandoquidem
1117 872 1199 933 valde
1211 879 1306 932 tumes
1319 872 1369 931 tul

137 1004 247 1046 nvem.
285 982 345 1042 Est.
373 990 379 1013 ¹
741 987 747 995 '

135 1104 309 1146 nvraauvs.
347 1081 424 1153 Quid
445 1082 532 1143 illud?
555 1078 742 1142 nam'inilata
766 1078 924 1141 admodum
948 1097 988 1158 es.
1267 1077 1269 1084 “
1356 1092 1434 1165 υτ»,

136 1206 246 1246 avana.
283 1185 428 1245 Nimirum
450 1183 536 1263 plena
558 1182 725 1260 religionis,
749 1181 836 1260 plerra
858 1180 1024 1259 potestatis
1048 1180 1146 1260 regni,
1170 1177 1223 1237 lro-

67 1287 154 1347 noris
176 1293 206 1346 et
228 1286 393 1362 diuinitatis.

136 1408 311 1470 uvernerus.
349 1388 487 1447 lustineta
518 1385 646 1447 arbitror
673 1385 881 1464 superstitione
915 1392 943 1444 et
971 1384 1107 1450 avaritia,
1141 1381 1256 1443 sufflata
1285 1401 1367 1457 arro-

41 1491 173 1566 rogantia
197 1499 227 1549 et
247 1488 422 1558 ambitione,
446 1491 670 1551 vanissimarum
693 1480 774 1548 curia·
798 1486 974 1565 gloriarum,
999 1492 1138 1544 caetorum
1161 1486 1256 1544 onrnis
1278 1504 1367 1545 uacua

70 1591 226 1669 probitatis
248 1597 277 1651 et
298 1591 481 1652 moecentiae.

134 1713 246 1754 avana.
284 1686 551 1753 llalediccnfiorem
573 1710 629 1771 ego
652 1692 800 1758 heminam
823 1690 919 1751 audiri
942 1689 1107 1755 neminem:
1130 1706 1185 1748 nee
1206 1706 1271 1749 esse
1285 1696 1371 1766 pluo,

71 1796 121 1873 qui
150 1796 193 1857 sic
221 1795 385 1872 procaciter
414 1795 571 1856 convitium
601 1794 686 1854 dieat.
738 1793 815 1853 idem
851 1793 922 1852 lacis
957 1791 1035 1870 qnod
1071 1791 1117 1850 isti
1151 1788 1221 1852 olim
1254 1789 1367 1865 leuibus

70 1895 154 1957 obliti
177 1902 290 1957 veteres
313 1896 452 1960 comedi.
623 1883 625 1887 ’
783 1973 785 1979 ¹

40 2007 60 2046 ¹³
135 2017 309 2061 urrunnun.
346 1998 382 2058 tu
404 1995 491 2058 nullis
513 2014 568 2074 ego
590 1996 704 2059 fecibus
726 1995 849 2063 olrlitus,
874 2003 975 2074 aperte
990 1993 1055 2054 dieo
1071 1991 1138 2073 libi,
1162 2000 1191 2053 et
1206 1993 1436 2053 sioesocouu.

70 2099 153 2160 llitte
169 2098 349 2160 Libertatem
371 2099 474 2168 nobis,
498 2100 557 2159 sire
576 2098 654 2159 bulla
671 2117 717 2167 es,
741 2106 770 2158 et
784 2096 863 2176 quod
887 2090 1083 2178 πομφόλυξ
1100 2095 1196 2157 Grmci
1218 2109 1365 2180 Ιιωμφύιιε.

69 2207 191 2268 rorant.
214 2203 274 2262 sive
297 2201 375 2279 quod
399 2195 538 2280 φύσημα
560 2199 616 2261 illis
638 2208 689 2261 est.
1226 2197 1234 2268 Ι
1267 2209 1360 2264 vistim

134 2322 246 2383 araas.
285 2302 389 2371 Enras,
417 2322 477 2363 non
504 2303 568 2363 lianc
596 2311 639 2362 est
667 2303 793 2363 nominis
822 2302 911 2360 ratio:
946 2318 1013 2360 nam
1036 2301 1104 2378 quia
1127 2298 1217 2359 rebus
1239 2301 1365 2373 consuli:

68 2422 164 2471 mus,
183 2397 251 2463 ἀπὸ
269 2403 326 2482 τῆς
350 2403 477 2484 βουλῆς
508 2403 611 2465 Budas
629 2422 684 2464 nes
707 2404 845 2466 dixerunt
867 2413 994 2469 veteres,
1019 2408 1047 2461 et
1065 2402 1190 2467 lrorrora-
1210 2398 1217 2466 Ι
1240 2421 1292 2457 aur.
1311 2423 1366 2459 aare.

12 2508 55 2551 ²⁰
69 2514 116 2565 tas
137 2504 304 2566 voluerunt

134 2628 308 2670 uvrrnuvs.
346 2610 433 2686 Atqui
454 2627 515 2670 non
537 2608 646 2670 bullam
670 2627 735 2669 esse
757 2617 799 2678 te,
823 2608 1021 2685 undecunque
1042 2608 1079 2666 sit
1100 2607 1157 2668 lme
1172 2626 1295 2677 neuun,
1319 2616 1434 2670 ειν-Μ.

68 2708 180 2778 bitror,
201 2710 255 2770 sed
279 2710 418 2789 bulgum:
448 2729 515 2772 nam
539 2712 693 2790 pecuniam
717 2710 838 2773 aufertis
861 2710 944 2777 hinc,
968 2713 998 2769 'et
1021 2710 1156 2771 uiaticum
1178 2712 1240 2770 istis
1262 2702 1269 2771 l
1303 2730 1365 2782 nuuc

70 2811 173 2872 Romae
192 2813 337 2873 creaturis
359 2819 511 2890 asportare
533 2812 641 2874 soletis.
687 2819 829 2890 praterea
852 2811 996 2872 receuteis
1020 2810 1174 2905 elllagrare
1197 2812 1303 2872 rideris
1335 2820 1365 2873 tn

69 2913 141 2973 milri
165 2915 294 2974 avaritie
316 2913 458 2975 llarnmas.
505 2933 574 2975 ecce
596 2921 693 2975 autem
716 2920 832 2974 scortea
856 2928 904 2980 es,
928 2910 1014 2989 plane
1037 2914 1181 2972 convenit.

6 3015 55 3061 ²³
136 3035 248 3076 anna.
284 3015 390 3077 [lubitu
413 3035 449 3076 an
472 3015 575 3076 oculos
597 3016 706 3077 habeas
728 3018 790 3084 cui,
815 3033 850 3076 ex
872 3012 1044 3074 membrana
1067 3031 1134 3073 cum
1157 3016 1226 3081 siro,
1250 3024 1433 3083 scortentur.

70 3116 181 3176 ridear.
224 3135 260 3177 ne
284 3137 330 3178 me
352 3117 471 3195 bulgum
494 3135 564 3178 rere
587 3118 710 3185 dixeris,
742 3135 779 3177 tre
802 3118 868 3194 quis
890 3115 1027 3176 obscene
1050 3115 1160 3179 dictura
1183 3116 1211 3175 id
1233 3119 1364 3200 accipiat.

133 3238 308 3281 reversura.
347 3219 448 3298 Neque
470 3237 529 3279 non
552 3218 635 3279 valde
663 3219 831 3279 obscenam
859 3225 889 3278 te
918 3216 1063 3288 ridemus,
1097 3219 1137 3277 sis
1165 3217 1244 3277 bulla
1268 3225 1365 3281 taurian

71 3327 124 3379 ant
145 3319 274 3399 amprdta
296 3323 344 3381 sis.
379 3321 486 3381 Verum
510 3339 569 3401 quo
591 3321 687 3397 gerrita
704 3321 807 3398 patre?
830 3338 898 3380 nam
914 3319 1014 3379 Terrae
1030 3319 1132 3387 saliam,
1156 3319 1204 3378 Gi·
1227 3311 1235 3396 Ι
1262 3340 1354 3383 raptura.

69 3427 192 3497 gentum
215 3439 349 3482 sororem
372 3408 520 3489 enistimo,
546 3422 624 3500 qued
647 3421 811 3482 'sitonicum
835 3421 974 3500 quiddam
995 3420 1134 3481 ablueris.

8 3517 55 3563 ³⁰
133 3542 244 3582 avana.
283 3522 386 3584 Falsus
402 3543 448 3592 es,
466 3522 596 3584 Ecclesia
613 3531 707 3585 mater
722 3529 780 3591 est,
798 3529 881 3599 pater
897 3522 1034 3584 Decimus
1051 3521 1109 3584 leo
1126 3523 1201 3582 Pon·
1223 3516 1231 3586 Ι
1254 3523 1364 3602 illlam·

69 3623 139 3684 tiles
159 3623 318 3693 Maximus:
338 3626 401 3686 ciris
416 3626 513 3703 itaque
529 3625 661 3703 arrflrellor
676 3624 749 3694 tilia,
773 3631 823 3684 aut
844 3632 979 3684 creatura
994 3632 1115 3702 recepto
1130 3628 1223 3703 magis
1239 3631 1365 3689 nomino.

134 3746 308 3787 marauna.
347 3726 382 3786 Et
404 3727 483 3786 unde
506 3745 584 3786 nuuc
607 3734 635 3787 te
658 3729 734 3805 agis,
758 3727 869 3787 lleeirni
891 3727 1046 3787 creatura?
1199 3725 1207 3795 Ι
1228 3727 1364 3807 magus*
1377 3742 1435 3792 §.aa

132 3847 245 3889 avana.
283 3826 328 3887 ob
349 3827 396 3888 illa
421 3829 553 3906 gentium
575 3828 693 3891 domina
715 3828 800 3890 urbe.
1480 3810 1485 3824 ,

133 3949 309 3990 averanus.
348 3932 426 4001 Qua,
450 3929 516 3990 illa?

7 4022 60 4074 ³⁸
135 4050 299 4092 cannariis.
337 4032 399 4110 Ego
422 4032 532 4101 dicam,
561 4031 653 4093 Roma
677 4033 767 4100 veuit,
803 4031 860 4108 ulu'¹
881 4034 975 4110 pretio
1003 4033 1075 4095 muli
1102 4033 1275 4118 macram}
1304 4054 1367 4089 noa..

69 4151 178 4212 erulos,
213 4132 263 4192 ubi
286 4141 354 4192 sum
375 4135 428 4193 riri
458 4152 517 4192 nou
541 4135 608 4202 viri,
638 4134 687 4194 ubi
717 4142 761 4193 est
788 4133 898 4194 bonum
922 4134 1031 4194 malum
1053 4144 1082 4195 et
1105 4134 1213 4195 malum
1237 4134 1365 4200 bonurn:

68 4233 121 4295 ribi
141 4233 211 4294 licat
232 4231 308 4294 male
331 4234 445 4310 agendo
468 4237 577 4297 mareri
598 4235 690 4304 beue;
714 4235 767 4296 ubi
786 4234 921 4297 homiues
943 4236 981 4296 dii
1004 4244 1088 4304 suot,
1118 4236 1157 4296 dii
1186 4244 1255 4296 sunt
1276 4236 1362 4304 nulli;

69 4335 148 4395 uode
171 4352 275 4394 omnes
297 4333 433 4396 litterales
456 4336 574 4397 exulant
596 4344 693 4403 actus:
717 4336 772 4398 unt
790 4338 922 4415 peurrriae
944 4338 1075 4398 serviunt
1097 4337 1232 4407 homines
1247 4346 1276 4399 et
1291 4357 1365 4416 opu·

137 4470 158 4503 ¹¹
177 4469 270 4521 Plaut.
282 4471 368 4520 Mera.
383 4472 403 4520 I.
415 4472 480 4531 2,:tt.
550 4471 570 4504 ¹⁸
589 4471 632 4521 (li.
652 4470 743 4521 Selrol.
764 4470 798 4519 ad
816 4470 954 4535 aristoph.
972 4471 1041 4520 Nub.
1055 4470 1113 4521 295.
1133 4471 1365 4539 τρυγοδαίμονες.

69 4555 91 4588 ¹⁸
110 4558 126 4607 ἰ.
140 4574 164 4605 e.
178 4554 270 4614 bulla,
293 4556 434 4606 scatebra.
461 4550 618 4622 πομφοὶλυξ
635 4557 694 4606 edd.
731 4547 850 4621 ssede]
870 4555 1075 4607 attentatione.
1129 4556 1150 4589 ¹⁹
1166 4549 1227 4608 *dut
1239 4551 1367 4626 τῆςβού-

69 4639 131 4705 laic,
152 4638 310 4690 aconailio.
374 4636 397 4672 ²⁸
415 4640 458 4690 Cf.
473 4639 730 4691 Paucaevnatt
762 4641 819 4691 lnr.
833 4645 885 4691 sot.
898 4630 946 4690 1V.
958 4640 1000 4691 80.
1053 4641 1075 4675 ⁸³
1094 4642 1218 4692 Ambros.
1237 4645 1266 4694 in
1283 4646 1366 4694 Dect.

71 4724 147 4776 Grai.
161 4723 236 4775 eat.
250 4723 315 4773 (3.2.
331 4724 408 4789 qni.
426 4725 514 4788 „urbo
526 4726 626 4784 Roma,
645 4739 709 4790 quaa
720 4727 947 4791 principatum'et
966 4732 1051 4792 ceput
1069 4727 1177 4775 obtinet
1195 4714 1366 4779 nationumr'’
