3188 5422
242 381 303 431 ΧΠ.
373 396 519 438 neuturus.
590 399 730 433 nrxeoovs
750 400 926 433 nvrrnarcvs
951 384 1126 445 (rosrvuvs).
1254 371 1328 441 415

35 548 172 609 debeam
217 547 274 608 Sed
295 551 379 627 „quia
403 551 440 610 de
466 524 510 612 rei
539 551 680 612 militaris>
700 555 803 629 peritia
832 560 861 612 et
888 553 1053 631 imperandi
1063 554 1195 636 fascienda
1218 573 1253 615 ac
1275 555 1329 616 du.-

14 650 124 711 .cendi
153 651 299 710 exereitus
326 651 471 713 mensa-ia
497 660 647 714 certamen
677 660 735 721 ost,
764 655 908 731 ¹praeterat
935 653 1041 732 aliquis
1068 654 1108 732 ibi
1136 673 1167 714 se
1195 656 1273 717 milri
1295 674 1330 717 ac

36 760 127 828 neget
148 753 264 811 adosse
287 751 350 811 haec
372 752 412 817 illi
434 754 485 830 qm
508 761 602 815 tantm
617 756 647 814 in
663 754 865 816 huiuscemodi
881 755 1099 815 difficultatibus
1122 755 1209 816 talem
1225 765 1327 818 eonua

36 853 154 913 nostem
181 872 231 932 res
257 854 395 930 gesserit,
428 862 537 932 amque
563 855 600 915 ad
629 856 718 916 tinem
746 858 810 916 vitae
837 856 916 916 bello
943 859 1068 919 invictus
1103 859 1325 919 continuaverit.

11 953 260 1014 sandaracam
281 954 403 1015 aenrtdor
432 955 570 1033 gloriam:
605 957 657 1018 sed
686 959 749 1026 isti,
783 957 867 1018 absit
888 959 965 1019 dicto
994 959 1114 1027 irreidia,
1148 958 1326 1029 mediocrem
1336 972 1396 1021 §.aa

36 1054 162 1134 qumdue
184 1057 343 1134 potentiam
367 1065 396 1117 et
416 1058 583 1136 dispertitas
603 1067 636 1118 nt
657 1058 917 1137 plurimumvrires
939 1061 1070 1137 aggressi
1092 1068 1174 1120 snm:
1199 1077 1254 1137 ego
1269 1067 1328 1119 ter-

35 1173 138 1217 rarum
160 1155 240 1216 erbis
261 1159 418 1236 imperium
445 1159 549 1238 idone,
573 1167 605 1220 ut
632 1160 742 1221 dictum
771 1168 828 1229 est,
863 1160 1092 1222 valentissimum
1120 1170 1204 1229 tune,
1228 1168 1271 1220 tot
1299 1163 1327 1219 in
1358 1140 1365 1154 ⁸

36 1276 128 1320 unum
152 1270 267 1319 eeaems
285 1261 439 1321 nationum
462 1264 548 1331 vires,
570 1280 605 1322 ae
625 1280 785 1333 renascens
806 1262 843 1322 ab
866 1265 946 1323 omni
969 1262 1050 1323 clade
1065 1261 1185 1332 hellnm,
1208 1269 1235 1322 et
1265 1262 1328 1323 diu·

36 1362 147 1421 tissime
175 1359 254 1423 nulla
283 1345 499 1436 intermissione
528 1363 719 1424 succedentes
748 1364 802 1424 sibi
832 1367 911 1424 vices·
936 1364 1014 1424 nltro
1037 1365 1207 1442 audensque
1230 1366 1257 1424 in
1281 1383 1328 1445 me

11 1465 179 1551 ÷⁰concitaai
201 1470 230 1522 et
251 1463 287 1522 ad
311 1463 459 1532 ultimum,
484 1464 621 1542 quodne
644 1464 744 1529 hostes
766 1466 884 1544 quidem
901 1472 1022 1543 negant,
1047 1466 1150 1526 viciae
1165 1465 1326 1543 profligari,

37 1566 161 1643 mium
184 1571 306 1625 externo
328 1565 453 1628 decusso
474 1567 544 1643 iugo
566 1585 601 1626 ex
626 1568 756 1627 omnium
779 1585 873 1645 prope
902 1568 1009 1653 mundi
1032 1569 1161 1644 gentium
1189 1569 1218 1626 in
1247 1585 1327 1626 ccm-

36 1683 156 1726 mnuem
179 1667 350 1726 servitutem
370 1685 516 1728 conseresu
538 1669 699 1729 immunem
722 1675 751 1728 et
771 1667 914 1729 libertatis
936 1686 1098 1728 memorem
1126 1670 1242 1729 retinui.
1277 1683 1396 1733 netas

36 1785 94 1845 qne
116 1765 176 1829 ulla
198 1766 257 1829 hoe
276 1769 376 1829 siverit
392 1770 486 1837 ratio,
517 1769 620 1838 index,
651 1778 683 1829 nt
704 1768 880 1848 persuadeat
901 1768 1066 1830 Alexander
1089 1769 1140 1831 tibi
1162 1776 1229 1829 tam>
1244 1767 1328 1828 laede

36 1867 252 1930 debellaturum
275 1887 306 1930 se
329 1870 428 1938 luisse,
453 1868 496 1930 vel
519 1878 551 1932 ut
573 1869 620 1930 illa
644 1870 764 1931 luerunt
786 1878 958 1948 tempestate
982 1871 1144 1955 Romanos,
1169 1878 1330 1948 quamam

11 1969 144 2031 ¹tmollus
164 1971 238 2030 tsiae
261 1971 399 2047 populos,
429 1971 536 2048 quihus
559 1973 595 2032 de
617 1980 718 2049 postea
741 1991 777 2033 ex
799 1972 941 2032 Romanis
962 1973 1079 2052 qnidam
1102 1969 1182 2031 nnllo
1211 1972 1328 2048 negotio

35 2072 73 2132 ab
89 2091 122 2132 se
137 2072 257 2132 mulctis
272 2073 467 2135 memorabile
485 2075 543 2134 hoe
566 2075 715 2152 triumpho
737 2093 792 2134 suo
808 2073 934 2151 pretulit
957 2065 1052 2147 ⁴lieni,
1077 2071 1154 2141 Vidi,
1178 2071 1255 2140 Vici',
1279 2079 1330 2131 aut

34 2176 166 2234 inermes
194 2172 282 2261 lpdiaa
303 2175 455 2244 nationes,
490 2184 563 2254 quas
592 2175 738 2237 bellorum
766 2174 926 2235 insolentes
960 2173 1243 2236 commessaburrdns
1275 2175 1328 2234 iste

35 2273 218 2335 ebriolorum
242 2282 272 2334 et
294 2273 498 2337 bacchantium
521 2279 598 2337 circa
620 2297 654 2338 se
676 2276 802 2338 militnm
825 2274 970 2344 exercitu,
1000 2284 1144 2357 quatenns
1172 2275 1253 2337 adire
1276 2293 1328 2353 po·

33 2379 106 2445 tuit,
136 2377 166 2436 io
188 2377 288 2453 lugam
310 2383 340 2441 et
361 2377 538 2440 deditionem
561 2381 670 2457 coegit:
704 2397 774 2439 nam
801 2397 886 2458 naxos.
902 2379 1071 2456 magnifacit
1093 2376 1235 2456 Scydxas„
1259 2376 1327 2436 vidit

11 2484 161 2537 ttantum.
206 2484 287 2537 certe
315 2479 406 2557 ipsius
429 2480 605 2551 arunenlnS,
629 2480 727 2542 clarus
748 2480 936 2559 Epirotarum
958 2499 1024 2550 rex,
1055 2487 1157 2558 negat,
1181 2481 1244 2558 qni,
1266 2492 1399 2541 amatas.

35 2598 105 2640 oum
120 2578 261 2640 Romans
282 2579 399 2657 quidem
422 2581 473 2651 sed
495 2581 629 2643 initalia
651 2589 750 2643 tamen
772 2581 881 2644 bellum
904 2600 1025 2660 gerens,
1049 2582 1148 2642 dicere
1167 2581 1269 2642 solitus
1284 2587 1328 2640 est

35 2699 68 2740 se
91 2682 121 2740 in
144 2681 238 2749 sires,
260 2688 398 2759 nepotem
420 2687 559 2744 suumin
578 2684 714 2747 immines
736 2684 879 2745 incidisse.
925 2684 1070 2744 l'raetexea
1100 2701 1248 2743 snmnmm
1275 2683 1329 2744 tuit

35 2801 156 2862 semper
180 2783 290 2843 uirtutis
312 2784 441 2846 studium
457 2785 549 2855 milti,
573 2785 653 2846 nulla
681 2785 782 2864 gloriae
803 2787 866 2845 sitis
881 2792 938 2848 vant
957 2787 1102 2860 natalitiae:
1132 2802 1227 2862 neque
1250 2784 1328 2842 ennae

36 2886 77 2944 ita
100 2885 181 2946 erexi
202 2884 333 2962 trophaea
357 2885 442 2954 milti,
474 2894 507 2948 ut
528 2886 669 2948 Romanis
692 2888 816 2955 deieci,
834 2895 885 2947 aut
913 2904 968 2964 pro
998 2886 1105 2964 opillus
1133 2885 1175 2944 rel
1197 2867 1328 2962 ,irnperio

11 2986 199 3051 seccanae,
222 2986 273 3045 sed
296 2986 350 3045 luit
371 2987 443 3047 milri
464 3006 586 3066 scopus,
610 2989 647 3049 ad
670 3007 758 3067 quem
782 2989 874 3048 direxi
897 2988 1008 3055 eximia,
1031 2987 1157 3047 reddere
1179 2988 1205 3046 vi
1227 2986 1326 3047 adem-

36 3095 118 3164 ptam
141 3087 242 3164 patriae
261 3085 443 3157 libertatem
467 3090 571 3168 egique
594 3097 684 3151 totam
706 3091 735 3150 in
757 3090 882 3149 summis
904 3089 1058 3149 virtutibus
1079 3088 1396 3156 astaten1,doneno.xn.

37 3196 192 3267 premente
215 3187 373 3250 domestica
397 3190 502 3250 invidia
525 3197 554 3251 et
575 3193 811 3270 propinquorum
834 3190 902 3250 ‹lolo
924 3192 1039 3251 lacinus
1053 3196 1187 3268 patrante
1202 3188 1328 3250 liberum

38 3298 72 3351 et
95 3291 228 3351 omnium
254 3291 395 3352 victorem
422 3292 482 3354 hue
507 3294 636 3354 annuum
667 3312 704 3354 ex
733 3294 909 3355 conscientia
937 3294 1118 3370 optimorum
1146 3292 1176 3351 in
1203 3292 1327 3368 patriam

38 3393 214 3452 meritorum
236 3393 356 3452 ac>ritae
378 3411 432 3470 per
454 3393 551 3455 emilia
571 3393 650 3455 bene
672 3404 744 3455 actae
759 3396 915 3457 oansmtsi.
954 3392 1015 3454 lam
1029 3401 1129 3462 taum,
1154 3393 1260 3464 llinos,
1284 3401 1396 3483 estest.
1436 3395 1441 3403 ’

11 3493 238 3574 erensyderare
260 3511 351 3571 quem
371 3494 442 3557 milti
469 3495 613 3572 praeterae
641 3497 725 3565 velis,
759 3498 809 3575 qui
835 3496 883 3557 on
911 3516 946 3556 ex
977 3497 1103 3574 graviori
1129 3497 1264 3572 aragustia
1291 3495 1327 3562 ad
1383 3532 1387 3538 ·

38 3603 150 3656 mutum
172 3613 225 3655 sua
247 3596 354 3657 virtuto
375 3597 597 3675 anaplitudinem
620 3600 798 3667 emerserit,
817 3596 864 3659 rel
887 3600 997 3659 maiora
1020 3597 1096 3659 bella
1119 3599 1256 3675 gesserit,
1285 3597 1329 3657 rel

37 3699 180 3758 seiemius
203 3714 266 3759 rem
294 3697 463 3759 militarem·
477 3701 658 3771 tractarent,
692 3698 737 3760 rel
763 3699 935 3779 mqnabdius
962 3692 1118 3778 imperinm
1143 3699 1329 3761 administra-

38 3801 127 3867 verit,
152 3798 196 3859 vel
219 3799 340 3861 meliore
363 3820 418 3879 pro
442 3818 548 3862 caussa
566 3820 649 3867 mana
671 3802 846 3880 sumpserit,
870 3799 914 3868 rel
938 3803 1063 3865 maiores
1085 3802 1161 3862 vires
1184 3803 1328 3861 contrive-

38 3902 93 3968 rit,
117 3898 162 3960 ael
185 3900 281 3962 minus
302 3902 331 3961 in
354 3904 410 3962 vita
433 3902 642 3979 cupiditatibus
664 3902 792 3973 dederit,
823 3902 868 3964 rel
897 3904 1078 3964 masconius
1107 3903 1137 3962 in
1159 3902 1238 3964 boun
1261 3919 1326 3979 por·

11 4003 163 4062 ‘stiteritt
197 4003 227 4062 in
249 4021 379 4071 summu,
412 4005 478 4082 qens
505 4004 542 4064 sit
569 4006 709 4066 ninnium<
729 4007 779 4084 qm
807 4005 853 4066 tta
880 4003 1015 4064 laudibus
1040 4001 1260 4071 excelluerunt,
1293 4002 1328 4061 ad

38 4123 131 4183 quem
151 4111 184 4163 tn
205 4104 316 4180 priores
336 4106 449 4183 optimo
469 4107 535 4168 iure
556 4108 678 4167 reseras.
703 4154 705 4157 .
769 4152 776 4168 γ,
816 4156 818 4159 ,

102 4223 211 4267 ursos.
247 4204 429 4267 Generosam
451 4208 584 4285 profano
606 4217 635 4268 et
658 4226 717 4269 non
738 4225 854 4270 summo
876 4208 1202 4284 taatnmsimporatore,
1228 4200 1397 4273 amentem.

39 4306 119 4367 leno
142 4306 230 4367 edam
254 4308 315 4366 viro
338 4306 456 4383 dignam
478 4309 582 4371 notun
602 4311 766 4370 orationem
786 4309 855 4369 iste:
879 4314 968 4384 atque
989 4309 1029 4367 ita
1050 4325 1114 4373 osse
1137 4316 1169 4366 ut
1191 4310 1327 4376 narrarit,

40 4409 153 4477 omnia,
177 4425 274 4485 nsque
295 4407 405 4488 aliqrdd
427 4410 574 4472 effinxisse
596 4428 665 4471 eum
687 4409 767 4477 scio;¹
787 4407 923 4487 equidem
946 4409 1069 4468 monum
1089 4407 1265 4470 arlrniratum
1282 4428 1329 4471 me

107 4610 242 4661 ⁵emulor
261 4616 284 4660 1.
337 4612 473 4678 ⁰agressi
487 4619 510 4663 1.
564 4600 723 4678 nauteam]
744 4611 850 4672 Caesar,
870 4612 1006 4664 rhetorice.
1060 4610 1080 4644 ¹⁷
1098 4611 1141 4661 Cf.
1156 4613 1217 4662 Lir.
1233 4613 1328 4671 lxm.
1386 4649 1392 4662 .

42 4696 115 4745 Curt.
129 4698 162 4745 V.
176 4696 201 4749 7.
219 4705 249 4744 tt.
300 4693 369 4736 mli·
388 4697 463 4746 Cart.
478 4698 552 4747 Vlll.
572 4697 590 4758 l,
606 4707 638 4745 m.
654 4698 713 4746 Liv.
728 4698 775 4749 tx.
785 4695 831 4746 tu.
