3188 5422
237 385 311 456 498
681 410 797 446 nuncet
818 411 1091 447 rssvnouvrasstttcn

238 572 384 634 vinolenti,
408 570 622 631 incontinentes,
646 586 836 642 percussores,
858 567 1058 643 iuliospitales‚
1081 569 1191 643 cupidi,
1214 567 1371 630 alcatores,
1394 567 1522 641 versiloqui,

239 659 405 714 seductores.

127 751 128 756 ’
169 757 227 806 tro.
300 744 396 798 Puer.
434 738 576 806 Quornodo
592 738 720 795 mulieres
743 756 804 794 esse
827 748 945 812 possunt
968 738 995 792 lii
1019 739 1065 812 qui
1089 755 1121 794 er
1143 739 1262 794 asininis
1285 738 1412 799 stabulis.
1435 738 1522 811 geneis

239 826 413 902 lupanaribus
435 825 488 897 (lire
510 824 581 880 enim
605 823 813 879 Romaneusium
837 822 950 895 schole)
972 824 1005 879 ad
1028 822 1125 878 altaria
1147 824 1250 879 Christi
1281 824 1427 883 accedunt.
1455 822 1523 895 inque

237 914 286 969 hac
308 910 447 967 exercitati
470 909 594 983 palestra
619 916 817 981 praeponuntur
837 908 978 965 ecclesiis?
1000 925 1051 964 nec
1073 909 1173 965 mirum
1195 909 1250 964 hos
1269 918 1459 965 nostroscssc
1472 921 1538 980 pest

238 999 334 1058 simos,
358 1013 418 1052 cum
442 994 506 1049 talia
528 993 609 1049 etiam
632 993 743 1049 Rhomae
766 993 820 1047 sint
843 993 940 1067 capita.
1247 989 1251 999 ’

301 1080 427 1136 licuno.
465 1078 607 1146 Quomodo
630 1079 722 1134 cadem
745 1078 833 1151 capita
856 1086 885 1134 et
906 1078 1024 1152 pessima
1053 1096 1113 1135 esse
1142 1087 1263 1153 possunt
1291 1087 1320 1134 et
1350 1086 1455 1138 sancta,
1481 1092 1524 1130 non

240 1165 373 1238 intelligo

171 1261 231 1311 §.ra
303 1251 399 1305 Puer.
437 1247 528 1322 Neque
552 1255 628 1302 tuum
651 1256 693 1302 est
716 1247 785 1302 scire
809 1246 890 1310 illud.
914 1265 964 1304 nec
987 1247 1051 1304 lieet
1073 1249 1171 1305 etiarm
1202 1249 1269 1321 quin
1293 1256 1323 1304 et
1346 1249 1375 1303 in
1397 1245 1525 1319 evangelio

139 1402 141 1407 Ι
240 1335 363 1391 Christus
391 1332 555 1402 abscondita,
578 1330 629 1387 alia
658 1330 807 1405 apostolis.
842 1331 894 1387 alia
918 1332 1102 1406 sapientibus.
1137 1332 1188 1389 alla
1212 1333 1332 1389 indoctas
1355 1333 1430 1407 plebi
1451 1330 1547 1386 soluittt

239 1437 312 1476 esse:
335 1435 389 1473 nou
413 1417 510 1473 urinum
532 1433 599 1489 ergo
623 1416 646 1471 si
669 1417 789 1472 rusticus
812 1417 870 1490 ipse
894 1417 1006 1490 ignores
1029 1417 1153 1492 plurima.
1178 1419 1260 1473 etiam
1283 1435 1383 1492 capere
1405 1434 1453 1472 noc
1473 1430 1526 1489 pos·

239 1507 277 1561 sis
300 1521 348 1559 nec
371 1502 464 1562 liceat,
492 1511 574 1574 atquo
597 1499 643 1555 itta
666 1502 748 1557 etiam
770 1502 890 1557 norrdum
913 1502 1326 1577 prudentissimis*optimisque
1358 1510 1450 1576 aperta
1473 1505 1525 1554 sunt

239 1587 408 1645 mortalibus
446 1604 526 1661 quom
554 1602 618 1642 vsro
642 1603 684 1641 me
706 1584 802 1642 vellem
824 1586 936 1643 liliorum
959 1605 1037 1642 csse:
1064 1587 1192 1660 quIcquid
1215 1595 1291 1643 esset
1314 1604 1408 1642 rerum
1431 1602 1526 1641 arcana·
1589 1623 1591 1625 .

240 1691 299 1729 rum
327 1690 357 1727 ac
387 1671 543 1727 teclmurum
572 1670 646 1726 brevi
670 1669 873 1727 intellectorum
897 1689 939 1727 me
968 1672 1146 1734 confiderem.
1178 1681 1232 1728 tarn
1262 1671 1328 1728 felix
1358 1688 1447 1727 mom
1474 1667 1525 1724 nosi

241 1758 386 1837 ingenium.
710 1795 716 1801 „
1533 1764 1548 1802 ¹³

171 1855 230 1905 §.ts
303 1842 427 1898 llenno.
466 1840 530 1899 llem
554 1840 663 1897 obviant
685 1840 764 1897 nobis
788 1839 922 1915 palliatis,
953 1841 999 1897 luri
1028 1859 1110 1915 quam
1137 1840 1295 1915 elegantes:
1324 1858 1378 1915 ego
1408 1839 1466 1895 illas
1492 1835 1524 1891 rel

240 1927 362 1983 sobrius!
386 1925 493 1982 nostine
516 1926 578 1987 lios,
603 1942 619 1981 o
641 1926 752 1981 trono?

303 2013 398 2067 Puer.
437 2012 525 2065 &acres
547 2009 613 2064 milri
636 2010 678 2066 lare
701 2010 828 2067 ridemur
849 2029 910 2067 csso
926 2010 1059 2085 virgines,
1083 2019 1166 2085 atque
1183 2010 1238 2068 Illae
1255 2027 1324 2085 quas
1341 2011 1443 2085 sepius
1457 2009 1525 2064 ctiam

239 2096 361 2154 convivio
383 2095 493 2151 adhibet
515 2093 629 2166 legatus.

304 2181 428 2236 llenno.
466 2178 535 2261 Quid
557 2179 613 2234 ais?
637 2196 720 2235 sacrae
745 2181 883 2253 virgines?
1085 2202 1088 2206 ·
1530 2188 1547 2225 s

303 2266 399 2320 Puer.
437 2262 507 2329 Quid
536 2263 634 2318 mIrum
662 2281 769 2320 sacrum
799 2283 891 2328 sacro.
926 2265 1026 2322 malum
1058 2265 1129 2322 malo
1158 2265 1181 2321 si
1211 2265 1404 2339 aptissimum?
1437 2260 1524 2319 similes

240 2351 315 2407 labra
343 2349 366 2402 si
395 2347 510 2403 liabcant
532 2347 668 2404 lactucas?
697 2350 812 2405 chorum
835 2359 982 2407 tenuerunt
1004 2360 1182 2412 nocturnum,
1212 2351 1424 2424 alternatimque
1453 2355 1525 2402 matu

243 2436 312 2491 tinas
334 2431 510 2488 dissolverunt
532 2431 666 2505 preculas.
713 2434 839 2508 Virgines
862 2444 952 2492 tamen
975 2454 1035 2493 esso
1059 2451 1118 2498 cus,
1148 2437 1174 2491 in
1206 2454 1239 2491 eo
1271 2435 1321 2490 tibi
1353 2435 1431 2490 Iidem
1454 2446 1523 2488 meam

241 2537 295 2576 non
319 2517 502 2591 obstringam:
526 2516 624 2573 mirum
646 2527 689 2573 est
711 2537 792 2592 quam
815 2520 993 2577 meticulosus
1016 2521 1043 2576 in
1066 2539 1125 2577 earu
1148 2518 1199 2576 sim
1221 2529 1339 2594 partem.

304 2603 430 2660 llenno.
463 2600 551 2668 ,Quam
574 2619 616 2657 me
639 2602 666 2657 ln
689 2603 742 2660 boc
764 2605 931 2662 nrouasterio
955 2606 1083 2661 aedituum
1107 2623 1166 2661 esse
1191 2604 1296 2661 vellem.
1443 2654 1453 2662 .
1528 2609 1545 2648 ²⁵

303 2690 400 2746 Puer.
438 2689 545 2761 Apage,
582 2687 698 2750 rosbes,
731 2706 786 2744 non
817 2689 864 2745 tibi
891 2690 950 2745 cani
974 2691 1015 2745 hm
1045 2690 1209 2746 conveniunt
1233 2689 1355 2752 balneae,
1389 2686 1454 2745 nibil
1473 2700 1522 2741 curo

242 2774 388 2833 amaricion
411 2773 467 2827 sui:
493 2781 548 2828 tum
572 2780 662 2828 autem
685 2773 707 2827 si
732 2772 802 2829 istuc
824 2773 914 2837 voles,
937 2791 1020 2831 canos
1036 2783 1113 2849 tegas
1129 2792 1159 2830 ec
1174 2775 1308 2831 mimicam
1325 2782 1444 2848 oportet.
1478 2767 1523 2824 sd·

241 2862 314 2918 vete!
338 2875 424 2915 nosne
446 2857 560 2931 sugitis?
584 2857 675 2914 silent.
1309 2872 1311 2875 ·

173 2960 233 3009 §.ro
306 2946 434 3001 llenuo.
471 2943 530 2998 Non
554 2941 616 2998 licet
639 2950 826 2999 sacrosanctos
848 2959 910 2999 curn
933 2944 1084 3019 prophanis
1106 2943 1186 2999 rerba
1210 2930 1314 3007 Iacere,
1346 2952 1472 3024 quqntum
1491 2941 1522 2993 in·

243 3033 348 3105 lolligo.
385 3027 503 3085 Polsabe
524 3028 642 3092 ostium;
666 3027 714 3083 sed
736 3028 878 3088 lamecen
893 3039 982 3103 poten
1006 3030 1071 3104 quio
1095 3029 1275 3102 ingredimur:
1299 3029 1407 3091 umus,
1428 3025 1542 3102 predo!

240 3136 292 3190 ego
315 3133 422 3190 sequar.
662 3109 665 3116 ‘

304 3202 401 3256 Puer.
439 3200 522 3255 boum
541 3206 575 3255 ut
597 3196 665 3254 iussi
688 3198 797 3260 invoca,
820 3198 925 3256 llenno.

306 3285 406 3340 Hono.
444 3285 481 3339 'le
508 3301 560 3356 ego
586 3283 712 3339 datorem
739 3291 900 3340 cunctorum
930 3284 1025 3340 invoco
1052 3285 1149 3345 deum,
1184 3283 1286 3340 bonum
1315 3284 1397 3344 milii,
1430 3280 1515 3336 felicem
1579 3317 1586 3336 .

243 3371 466 3441 fortunatumque
489 3368 561 3424 bunc
584 3369 615 3423 ad
639 3368 821 3442 apostolicum
844 3367 964 3441 legatum
986 3386 1124 3425 accessum
1147 3369 1257 3430 reddas.
1282 3385 1401 3443 vosque,
1424 3364 1515 3422 oPetrc

243 3471 274 3508 ac
295 3452 417 3512 Nicolac‚
440 3469 500 3507 cnm
523 3452 639 3507 llartino
662 3452 853 3510 liberalissimo
877 3453 1046 3527 reliquisque
1067 3453 1136 3510 diris
1158 3452 1334 3513 coelestibus.
1364 3453 1463 3511 adeste,
1487 3447 1537 3500 [³⁴⁵

243 3538 296 3593 cite
324 3553 378 3609 quo
406 3536 562 3591 fortunatos
598 3546 760 3611 recuperato
789 3538 890 3595 amisso
918 3537 974 3593 filio
1003 3539 1115 3595 domum
1142 3538 1175 3592 ad
1205 3555 1319 3593 uxorem
1352 3535 1512 3604 familiamque

174 3625 381 3682 §.tbreirertar⁹
412 3621 466 3675 voti
495 3638 558 3676 reus
588 3621 639 3677 tria
667 3622 745 3678 vobis
773 3623 894 3679 ardentia
917 3641 994 3679 cerco
1018 3622 1117 3678 lumina
1141 3631 1267 3678 stanuum.
1314 3622 1366 3677 Sed
1395 3628 1465 3677 estne
1483 3614 1513 3668 hit

204 3702 205 3705 ’
245 3708 365 3780 legatus,
390 3720 470 3778 quem
492 3705 583 3768 video,
607 3705 681 3761 brevi
704 3715 809 3764 statura
832 3708 980 3769 homiuem.
1005 3708 1103 3763 bonnm
1120 3706 1210 3768 cultu.
1233 3723 1300 3762 voce
1316 3706 1408 3770 vastat
1429 3703 1513 3758 leonem

244 3792 397 3866 rugientem
419 3789 513 3845 audire
535 3790 641 3852 vulsor:
665 3791 718 3846 iam
737 3809 844 3866 pronus
866 3794 957 3850 cadam
980 3793 1008 3848 in
1031 3793 1141 3854 sociem,
1165 3800 1196 3848 ut
1220 3792 1336 3847 iussisti.

307 3879 402 3933 Puer.
440 3874 515 3937 Noli,
538 3874 662 3949 inquam,
685 3875 729 3932 lric
751 3877 859 3950 legatus
881 3895 935 3933 non
958 3887 1009 3933 cst.
1517 3871 1534 3911 ⁴⁸

307 3962 437 4018 llenno.
476 3960 636 4024 Credebam,
661 3960 721 4036 quis
746 3969 802 4017 torn
825 3964 885 4018 est?

307 4048 407 4102 Puer.
443 4045 522 4121 Papae
545 4046 683 4103 culosdam
705 4047 854 4103 avarissimi
877 4055 1010 4121 cognatus
1034 4047 1100 4110 brit,
1133 4047 1215 4102 Testa
1242 4044 1276 4102 de
1299 4044 1401 4102 Belloio
1429 4041 1509 4095 vocari,

311 4228 447 4281 ⁴Scliolae
467 4229 705 4280 Romanensium.s
773 4229 794 4262 ¹⁶
813 4245 864 4295 ego
918 4230 1026 4279 sobrius
1044 4233 1113 4279 omis.
1127 4232 1152 4278 4.
1222 4227 1301 4288 (Uos
1318 4230 1379 4277 πᾶν
1397 4231 1433 4275 cis
1451 4215 1509 4270 nel·

244 4309 354 4374 stttckl')
423 4312 446 4346 ²²
464 4312 549 4400 lpbrre
569 4318 592 4364 1.
601 4319 626 4365 3.
651 4313 775 4364 Similem
798 4314 903 4364 habent
929 4314 1009 4364 labro
1027 4313 1167 4363 lactucam
1192 4310 1221 4377 [i.
1236 4328 1260 4361 e.
1279 4311 1384 4362 similis
1400 4303 1509 4360 similibus

246 4396 432 4463 contingunep
453 4399 627 4463 proverbium
646 4415 690 4464 sp.
702 4399 862 4462 Hieronym.
877 4414 920 4464 ep.
934 4398 996 4448 v11.
1010 4398 1034 4448 5.
1049 4398 1150 4447 dictum
1165 4412 1181 4444 s
1193 4397 1230 4446 M.
1244 4394 1355 4457 Crasso,
1375 4409 1431 4445 cum
1446 4385 1508 4439 vidis·

246 4485 289 4530 set
308 4481 413 4530 asinum
427 4483 543 4534 carduos
556 4484 753 4534 comedentem.
788 4482 812 4515 ²⁸
831 4483 911 4544 ‘Quid
930 4484 994 4533 ceni
1014 4498 1074 4532 cum
1092 4481 1232 4531 balneol‘·
1246 4470 1286 4536 tt
1301 4476 1367 4531 sori
1384 4473 1429 4529 nol
1444 4470 1507 4536 duit·

247 4562 327 4628 W't’t
345 4566 464 4615 Maeonii
475 4578 588 4632 portem.
601 4569 676 4619 VIII.
690 4567 731 4617 34.
751 4567 835 4617 ‘Nihil
848 4582 909 4617 curn
923 4569 1083 4617 amaracino
1096 4567 1156 4617 aui)
1175 4565 1281 4627 „Vetus
1294 4566 1420 4630 adagium
1431 4562 1465 4609 est
1474 4550 1506 4602 Νί-

246 4647 286 4695 bil
305 4662 365 4696 cnm
379 4649 618 4714 fidibusgrsoulo,
638 4653 714 4702 Nihil
733 4652 879 4702 c.u.sui”.
901 4654 963 4702 Gerr.
978 4652 1010 4700 N.
1025 4653 1058 4700 A.
1071 4651 1149 4716 pres.
1165 4643 1204 4702 ltt.
1244 4648 1273 4680 ‘²’
1291 4650 1361 4714 prol.
1381 4652 1406 4698 3.
1444 4640 1504 4684 '⁶¹¹¹'

248 4737 349 4791 cupato
362 4736 386 4779 1.
439 4731 461 4765 ⁴²
478 4734 571 4783 Testae
590 4736 623 4785 do
642 4735 749 4785 Buffelo
768 4736 898 4787 factunm
950 4736 1036 4785 Toeto
1054 4735 1082 4784 di
1100 4736 1277 4798 B.=coput
1295 4734 1373 4784 bovis
1389 4723 1476 4780 bodeli·
1541 4747 1542 4753 =
