3210 5416
273 390 346 458 55ll
606 391 607 394 Ἴ
710 414 826 448 nannoni
847 370 1119 448 rsatroonvrrasrci.

272 567 439 649 sperat'io.
463 572 618 628 Periculum
641 571 706 627 milii
729 581 821 646 pater,
844 548 987 626 Calarnilas
1002 588 1066 626 vero
1081 579 1168 626 mater
1183 571 1244 626 luit.
1301 593 1306 605 ¹
1333 570 1473 627 Ecliilla.
1493 570 1548 625 Stmt

271 659 352 715 ctiam
376 657 474 713 liberi?
504 675 533 712 es
555 657 626 713 enirn
650 674 681 711 ex
704 656 814 729 egregie
837 655 1095 729 ltecundo'gcnere.
1181 656 1401 730 Desperatio.
1431 655 1494 711 Satis
1513 673 1549 710 su·

271 761 376 819 perque
400 752 536 797 natorum.
612 740 764 796 ⁴Eclrilla.
793 740 862 807 Qut?
949 740 1167 814 Desperatio.
1196 741 1280 801 Cura.
1311 739 1483 800 Sollicitudo.
1508 743 1550 795 ln·

272 829 371 890 xietas,
400 827 504 887 Timor.
533 825 641 886 l'letus.
671 825 883 898 Praecipitantia.
906 824 1080 886 Paenitentia,
1104 824 1229 897 Laqueus
1252 833 1279 880 et
1302 834 1403 881 castora
1424 825 1450 880 id
1470 842 1550 898 genus,

215 920 391 987 §.liquorum
414 930 473 967 siaiu
497 910 586 966 scrola
605 909 762 965 'foecundior
783 908 852 964 allia.
939 907 1082 964 Eckilla.
1106 908 1174 976 Quid
1198 910 1269 983 apud
1293 928 1345 966 nos
1368 911 1473 965 dominu
1488 923 1564 982 que-t

270 999 326 1053 ris?
391 995 608 1069 Desperatio.
632 994 775 1050 Corculum
799 1003 890 1055 tuum,
913 989 1072 1067 Magistrum
1087 993 1215 1049 Nostrum
1232 993 1353 1051 Ecltium.
1422 993 1552 1050 Eclilla.

269 1081 368 1137 Procul
392 1081 469 1135 hinc!
493 1096 547 1134 nou
570 1079 717 1134 admittam.
752 1065 1003 1152 ἔξωᾶπόγνωσιν,
1021 1072 1078 1133 ἔσω
1092 1075 1220 1133 πλοῦτον
1238 1073 1289 1133 καὶ
1312 1066 1439 1153 ὑγίειαν.
1505 1079 1553 1135 De·

270 1164 442 1238 sporatio.
471 1163 540 1230 Ouid
563 1163 585 1218 si
609 1179 663 1218 iton
686 1171 794 1219 recusat
818 1163 893 1238 ipsc?
980 1162 1123 1219 Eclrilla.
1152 1163 1257 1219 llliruni.
1347 1163 1551 1238 Desperatio.

270 1249 473 1320 lliralnmdnm?
496 1265 556 1302 nam
579 1248 680 1303 dudmu
704 1248 840 1322 occupari.
870 1266 949 1303 ei'oca
966 1248 1059 1320 igitur.

214 1340 260 1390 td·
356 1332 495 1388 llclrilla.
523 1332 603 1394 acti,
632 1332 709 1394 lleki,
738 1331 815 1393 Eski,
848 1349 905 1387 mea
928 1350 1005 1406 spes.
1034 1332 1076 1387 eti
1104 1332 1252 1405 paulume
1275 1332 1447 1405 'theologico
1465 1344 1574 1406 ‘specuu

270 1418 404 1474 Ecltius.
427 1416 482 1472 Cur
503 1417 691 1472 ardentissima
714 1434 773 1473 inea
795 1417 883 1472 studia
907 1417 1104 1490 interrumpis?
1126 1417 1188 1489 quis
1211 1418 1319 1472 tandem
1343 1418 1481 1491 pruritum
1494 1418 1555 1472 lium

271 1512 346 1563 tuum
362 1519 413 1576 pro
435 1502 566 1573 ‹ligaritate
588 1504 715 1557 curaret?
738 1501 827 1557 neseis
850 1510 876 1556 te
899 1518 959 1557 esse
975 1500 1126 1574 Tlreologi?
1213 1500 1358 1557 Eckilla.
1389 1500 1554 1558 llallemesse

234 1659 236 1662 Α
270 1585 445 1661 spermologi.
469 1586 594 1659 proinde,
614 1587 641 1640 ‘si
659 1586 755 1659 luges,
779 1603 887 1642 erucam
902 1595 950 1641 ant
966 1585 1063 1641 lmlbus
1085 1587 1193 1642 devora.
1216 1586 1262 1641 sed
1279 1587 1307 1641 in
1324 1586 1377 1642 hoc
1392 1604 1446 1642 non
1462 1589 1553 1643 rocavi:

213 1673 315 1735 §.aliie
337 1680 379 1727 est
400 1664 468 1726 anus
491 1670 536 1725 illa
560 1671 716 1743 Desperatio
738 1671 822 1731 dicta.
846 1688 907 1744 quas
923 1679 949 1725 te
963 1671 1115 1726 conveniet.
1191 1670 1326 1726 Eelius.
1350 1671 1552 1745 Desperatioto

267 1756 384 1812 somnia!
408 1755 575 1812 iamdudum
598 1755 624 1809 id
648 1756 735 1830 ipsum
758 1756 897 1828 sentinari.
921 1756 986 1828 quid
1009 1754 1122 1814 malum!
1146 1755 1257 1812 adestne
1271 1755 1449 1830 Desperatio?
1471 1754 1573 1812 cecilio

267 1841 487 1915 Desperatio.
511 1840 620 1901 Adsum,
645 1839 793 1913 Theologe.
861 1839 992 1895 Eckius.
1015 1839 1073 1894 Non
1090 1837 1224 1895 salutabo.
1289 1840 1506 1914 Desperatio.
1526 1843 1552 1893 n

267 1944 319 1999 ego
347 1924 510 1998 depravatio.
599 1922 745 1979 Ecltilla.
775 1924 869 1979 (ileum
898 1924 980 1980 addes
1008 1923 1128 1979 cumino.¹
1209 1924 1432 1997 Desperatio.
1464 1925 1550 1980 Addam

268 2011 397 2083 quicquid
426 2009 519 2064 aelim:
556 2009 700 2081 insigniter
726 2008 890 2082 desperabit.
977 2009 1116 2064 Eckius.
1150 2008 1314 2064 llerculeum
1348 2009 1417 2065 illud
1451 2010 1550 2084 pectus?

267 2094 481 2168 Desperatio.
511 2093 682 2150 Sterculenm
710 2102 786 2167 puto.
874 2093 1009 2150 Eelrirrs.
1038 2092 1232 2167 Qualecrmque
1261 2093 1312 2155 sit,
1342 2095 1479 2150 constabit
1499 2094 1548 2148 sili.

107 2256 109 2259 ι
213 2179 491 2252 ς,η,Ι)οερετειῑίο.
515 2177 743 2245 Quernadmorlum
766 2177 894 2234 liculnum
917 2177 1098 2252 horologium.
1186 2177 1322 2234 llekius.
1346 2179 1469 2234 Nondum
1489 2179 1570 2234 deis-a

266 2263 338 2320 cisti.
425 2262 645 2336 Desperatio.
676 2262 744 2329 Quid
767 2255 790 2317 si
815 2262 862 2318 tibi
887 2262 971 2318 lilium
994 2279 1084 2318 uicum
1107 2263 1134 2317 iu
1155 2261 1256 2319 collum
1287 2263 1445 2338 inpingam?
1471 2272 1546 2335 atque.

267 2364 300 2402 ne
323 2346 416 2401 multis
439 2363 480 2401 me
504 2359 613 2409 tuerer,
638 2347 729 2402 statim
752 2347 858 2420 accipe,
882 2348 982 2403 lletum
1006 2346 1136 2402 videlicet.
1203 2346 1342 2403 Ecltius.
1366 2349 1492 2405 'l'renumt
1511 2364 1547 2418 qe·

267 2449 328 2486 mia.
415 2432 635 2504 Desperatio.
659 2432 864 2488 Constasimu?
950 2431 1086 2488 Ecltius.
1110 2432 1226 2488 Strenue
1249 2441 1352 2487 uaetuu.
1440 2433 1546 2505 Despe-

267 2514 369 2569 ratio.
399 2515 516 2589 Speras?
603 2515 736 2572 Eclrius.
768 2517 920 2590 Desperatc.
1007 2515 1226 2590 Desperatio.
1257 2516 1379 2590 Sequere
1403 2518 1544 2591 igiturque

267 2600 377 2660 rlucanu,
407 2616 440 2654 nc
469 2597 607 2655 nolentem
636 2600 717 2656 ctiam
750 2601 862 2655 tralaam.
950 2600 1083 2657 Ecltius.
1118 2600 1175 2655 lleu
1198 2618 1240 2656 me
1262 2601 1409 2658 miserum!
1441 2600 1568 2674 dispariles

198 2683 413 2750 §.to.Eelailla.
436 2685 503 2740 Num
523 2694 554 2740 te
569 2702 630 2740 non
655 2687 752 2759 pailet.
774 2685 907 2747 Lamiani,
931 2703 1019 2743 meum
1035 2685 1160 2747 Delium.
1183 2703 1269 2741 meam
1283 2687 1416 2749 animani,
1439 2695 1487 2742 tan
1500 2684 1543 2738 rio

211 2803 214 2809 -
267 2768 356 2824 lenter
384 2770 446 2825 ltine
473 2769 644 2825 convellere?
729 2770 963 2844 Desperatio.v
987 2770 1075 2832 Ceile.
1109 2769 1277 2826 scortillum:
1313 2788 1385 2828 nune
1418 2772 1487 2827 niem
1506 2777 1542 2823 est

266 2853 373 2910 Belius.
459 2853 601 2910 Eelilla.
625 2855 782 2928 Depugnato
805 2854 901 2928 quaetio
924 2855 1014 2912 renis:
1038 2871 1098 2910 nam
1122 2855 1149 2911 iu
1172 2855 1224 2911 hoc
1246 2873 1301 2911 uuo
1318 2855 1482 2912 Lutlaeranus
1501 2861 1540 2913 est

262 2934 340 3011 ‘quod
364 2957 405 2994 ine
428 2939 479 2994 sibi
496 2947 655 3012 perpetuam
668 2938 814 3011 coniugem
828 2939 956 2995 eleriusit.
1022 2939 1239 3013 Desperatio.
1264 2939 1352 2997 llere?
1416 2938 1538 2997 Eclilla.

197 3023 419 3092 q,11‚Verissime.
507 3023 643 3079 Ecltius.
667 3018 775 3079 Dimitte
791 3041 899 3097 quasso.
923 3024 1089 3098 Desperatio.
1175 3024 1397 3098 Desperatio.
1419 3025 1560 3097 Nunquam?

264 3108 316 3163 lioe
338 3108 522 3181 extorquebis.
598 3107 733 3163 Ecltius.
757 3108 840 3164 Nimis
863 3109 990 3180 graviter.
1066 3109 1290 3182 Desperatio.
1315 3109 1343 3165 Si
1367 3110 1455 3171 soles,
1474 3107 1537 3164 dnn

265 3193 391 3247 suaviter.
436 3192 614 3248 aetitia.
639 3193 697 3248 Nora
721 3192 785 3248 alilii
809 3211 887 3266 squam
911 3211 1025 3249 timeum.
1100 3186 1239 3249 Delius.
1263 3193 1332 3249 llum
1354 3194 1410 3251 alio
1431 3194 1456 3250 in
1476 3192 1537 3248 loeo?

262 3275 484 3346 Desperatio.
514 3277 608 3349 Loiige
631 3277 698 3339 alio.
723 3277 768 3332 ulii
790 3287 818 3332 et
840 3277 921 3334 aliter
943 3295 1022 3351 quain
1045 3278 1089 3334 liic
1106 3277 1214 3343 rins.
1250 3277 1386 3334 Ecliius.
1411 3279 1469 3338 lllii,
1488 3275 1538 3331 utta

264 3359 288 3412 si
312 3358 457 3431 placuerit.
482 3379 582 3434 sequar
605 3361 698 3423 laetus,
722 3379 783 3417 cum
806 3361 907 3418 Eclailla
929 3379 1002 3424 urea,
1027 3379 1084 3419 mea
1109 3363 1184 3418 nivea
1206 3361 1341 3419 columba.
1429 3364 1534 3434 Despe-

263 3442 367 3497 ratio.
396 3442 542 3516 Relinquas
566 3445 640 3504 illam
662 3454 781 3519 oportet.
869 3446 1004 3503 llcltius.
1032 3446 1161 3521 Despero.
1247 3447 1466 3522 Desperatio.
1492 3444 1554 3500 ttaco

195 3526 345 3581 §.raetiam
369 3545 479 3600 sperare
503 3537 590 3601 potes.
1228 3562 1231 3573 ·
1337 3532 1470 3589 Ecltius.
1489 3530 1532 3595 Dat

264 3610 366 3666 trahis?
452 3611 666 3686 Desperatio.
705 3615 732 3669 lu
756 3615 954 3673 monadiatum.
1040 3615 1180 3671 licltius.
1218 3616 1313 3673 (lilium
1344 3616 1413 3673 male
1439 3624 1530 3690 gratan-

180 3698 181 3701 ’
261 3695 471 3769 Desperatio.
495 3699 529 3751 nt
552 3697 637 3754 nihilo
660 3699 749 3755 minus
772 3718 803 3755 en
827 3699 878 3755 lroc
900 3700 971 3756 edes.
1059 3699 1196 3757 Eelrios.
1225 3700 1411 3767 Duasssdes?
1486 3698 1530 3752 Dc·

261 3780 431 3854 sporatio.
456 3780 519 3837 *Non
544 3790 571 3837 te
593 3784 645 3840 iam
667 3785 762 3840 alueum
785 3785 817 3840 ad
840 3784 926 3848 sedes;
950 3785 977 3841 in
1001 3784 1189 3853 monachatum
1214 3786 1330 3842 undana.
1363 3832 1369 3838 .
1417 3783 1528 3842 aetius

259 3865 318 3921 Non
342 3866 436 3921 merui.
522 3867 741 3941 Desperatio.
776 3864 882 3942 Terque
906 3879 1072 3943 quaterque:
1096 3868 1158 3943 quis
1178 3870 1252 3926 enim
1275 3888 1350 3926 vanae
1373 3868 1486 3944 gloriola
1503 3862 1550 3917 siu

260 3949 331 4005 milis
353 3959 478 4024 captator
502 3969 620 4026 unquam
643 3953 724 4008 risit?
741 4006 742 4010 ,
757 3953 818 4027 quis
841 3954 908 4010 adeo
931 3954 965 4010 ali
988 3953 1053 4009 orlac
1076 3954 1193 4011 condito
1210 3973 1272 4012 sese
1294 3963 1323 4011 et
1345 3957 1480 4012 admiratus
1497 3953 1527 4003 esl

315 4201 337 4245 'l
361 4217 669 4268 el.1urenal.VI.177.
758 4218 768 4249 ⁷
791 4219 917 4268 dmittam
941 4222 982 4270 ed.
1058 4215 1232 4283 pentoma.
1254 4221 1433 4271 ‘extrinsecus
1452 4217 1523 4277 uespe-

257 4301 406 4364 rationem,
428 4304 500 4352 iutus
514 4302 628 4351 divitias
648 4309 676 4352 ct
688 4302 874 4353 valetudinem
893 4305 1001 4354 bonam'
1015 4343 1022 4357 .
1036 4305 1131 4353 nescio
1150 4320 1186 4353 sn
1203 4304 1265 4354 haee
1283 4305 1371 4368 perlis
1390 4321 1420 4355 ex
1437 4299 1522 4360 antiquo

172 4425 175 4430 .
257 4385 392 4449 scriptore
410 4392 520 4452 sumpte
537 4388 611 4436 sint.
674 4386 695 4418 ¹⁷
713 4387 757 4438 Ol.
772 4388 833 4438 add.
848 4386 884 4452 o]
903 4389 1000 4438 Horat.
1012 4396 1060 4439 sat
1071 4390 1108 4439 11.
1122 4387 1198 4451 dmi.
1264 4388 1285 4422 ¹⁸
1305 4389 1520 4453 „uolsila'natttlle

258 4468 358 4518 Pectus
377 4475 404 4519 et
417 4471 563 4520 Herculeae
576 4471 765 4537 simplicitatis
782 4472 897 4533 hebes.''
917 4473 996 4524 Ovid.
1013 4491 1074 4539 epp.
1088 4490 1122 4523 ex
1135 4475 1223 4525 Ponto
1241 4475 1293 4526 111.
1306 4474 1367 4536 8,ae
1381 4489 1419 4538 sq.
1459 4467 1477 4499 ¹'
1489 4463 1520 4512 ll*

257 4549 325 4617 laon]
340 4553 518 4604 Memorabile
532 4555 585 4605 hoc
598 4561 626 4606 et
639 4556 674 4606 ad
687 4557 786 4606 artium
805 4559 1027 4611 mechanicarum
1046 4560 1191 4609 historiam
1209 4559 1402 4625 explicandam
1418 4568 1463 4606 nott
1477 4550 1519 4598 3³¹¹·

256 4634 315 4683 tile.
369 4635 391 4666 ²⁹
406 4639 561 4688 -Lutherum
586 4645 704 4691 exeunte
723 4657 816 4691 merise
835 4643 915 4693 Iunio
933 4642 1174 4709 a.1525.nuptias
1194 4645 1366 4695 connexisse
1384 4641 1484 4692 consul
1498 4633 1518 4677 2²

257 4728 310 4766 tlon
328 4717 361 4766 de
381 4721 468 4783 ipsius
485 4724 605 4787 Lutheri
619 4725 669 4774 sed
687 4725 720 4774 de
739 4727 958 4777 Lutlreronorum
975 4727 1080 4792 nuptiis
1098 4728 1123 4777 lt.
1138 4727 1154 4778 l.
1169 4728 1279 4780 dieitur.
1332 4728 1355 4762 ³⁰
1372 4739 1447 4791 quew
1461 4718 1492 4769 “l-
