3188 5422
263 372 336 441 462
452 400 556 434 quarto
574 400 610 434 AD
630 401 770 445 cnqttttt'tt
790 400 850 434 OPT.
865 400 930 434 llAX.
951 400 1102 450 rnogtvnto
1116 400 1147 434 11.
1163 400 1273 434 ttot'tttt
1294 400 1318 433 Ρ.
1333 400 1363 433 Ι.

263 566 309 614 tna
329 556 523 633 philosophia?
546 556 642 612 Procul
666 557 751 630 igitur
772 557 806 612 ab
829 557 881 613 hoc
903 557 969 613 ciice
992 574 1095 613 sacram
1115 558 1174 613 auri
1197 558 1295 612 famem
1315 566 1345 613 et
1370 556 1449 612 liuius
1471 554 1542 610 saliam

262 640 439 699 execrabilem
455 641 617 703 simoniam:
639 650 695 697 tum
714 642 834 698 insanam
857 641 1011 697 dominandi
1031 641 1221 716 cupiditatem,
1248 635 1423 715 prodigiosas
1438 649 1465 696 ct
1478 640 1543 695 dictn

263 743 372 801 quoque
395 726 480 782 lmdas
502 724 643 787 libidines,
666 725 807 788 veneficia,
830 726 932 788 caedes,
956 726 1113 782 indomitam
1131 726 1213 783 animi
1233 726 1422 786 ferocitatem,
1446 725 1544 780 teterri-

262 829 331 867 mam
354 810 418 867 belli
440 810 514 866 sitim
538 827 569 866 ac
590 809 709 884 reliquas
732 810 756 865 id
783 828 870 883 genus
892 811 1120 883 animi·pestes,.
1138 829 1199 867 cum
1228 811 1290 884 quis
1318 811 1392 865 haud
1420 825 1543 883 quaquam

262 897 388 952 convenit
409 904 457 950 tuo
481 894 604 968 spiritui,
637 911 788 968 perquem
817 895 962 951 mitescunt
991 912 1022 950 ac
1044 902 1175 968 pacantur
1198 895 1304 955 omnia,
1336 912 1372 950 ne
1402 903 1559 949 monstruni

263 989 316 1036 tam
338 980 487 1040 inauditum
506 979 576 1034 lerat
599 977 712 1034 ccclesia
734 987 793 1042 tua,
816 978 889 1039 velut
909 996 941 1033 ex
963 979 1014 1034 deo
1035 980 1138 1052 pariter
1160 997 1190 1035 ac
1211 978 1321 1034 diabolo
1344 979 1497 1038 condatum,
1519 984 1544 1031 ut

264 1065 310 1139 qui
332 1064 374 1120 dci
399 1063 499 1119 terreni
522 1059 674 1136 cognomen
697 1080 751 1119 non
773 1063 873 1119 invitus
893 1063 981 1124 audit,
1003 1063 1071 1119 nihil
1096 1063 1183 1121 minus
1202 1063 1300 1119 habeat
1320 1064 1349 1117 in
1370 1063 1453 1119 corde
1473 1079 1543 1135 quam

207 1149 351 1204 §.odeum
395 1150 493 1217 dvorte
514 1146 668 1202 scandalum
693 1151 752 1204 tam'
769 1147 901 1221 pestilens
925 1147 1062 1222 a'populo
1084 1156 1145 1209 tun.
1169 1165 1217 1210 ne,
1243 1149 1271 1202 in
1287 1159 1345 1220 ¹quo
1362 1147 1482 1221 pastoris
1495 1145 1544 1201 cul·

263 1242 319 1290 tum
340 1250 372 1289 ac
395 1230 490 1288 titulos
513 1236 680 1304 agnoscunt.
710 1240 737 1287 et
759 1249 840 1304 quem
862 1240 922 1288 tuas
944 1231 1014 1288 vices
1034 1233 1170 1288 sustinere
1188 1233 1319 1294 credam,
1353 1232 1426 1288 hunc
1448 1231 1546 1285 videant

262 1309 372 1373 avaritia
395 1315 462 1372 nihil
481 1316 589 1371 dillerre
618 1334 633 1372 a
660 1317 884 1387 feneratoribus.
921 1316 1031 1372 libidine
1054 1334 1107 1372 non
1129 1318 1224 1373 cedere
1244 1317 1436 1389 nequissimis,
1468 1314 1569 1369 domi-u

263 1402 341 1456 nandi
367 1400 515 1475 cupiditate
540 1398 606 1454 nihil
629 1400 723 1456 abesse
746 1418 760 1456 a
787 1401 924 1474 tyrannis,
958 1400 1070 1474 perfidia
1094 1418 1179 1457 neca
1206 1400 1351 1457 lenonibus
1375 1400 1456 1460 vinci.
1490 1397 1544 1454 reli·

262 1487 344 1558 gionc
370 1484 455 1541 nihilo
476 1492 609 1559 praestare
632 1485 741 1547 Tuscis,
769 1485 930 1541 crudelitate
954 1502 969 1540 a
991 1485 1191 1541 barbarissimis
1217 1485 1384 1558 discrepare.
1431 1484 1506 1551 Quod
1527 1485 1545 1536 si

264 1570 326 1626 vitia
349 1569 407 1626 tolli
428 1585 481 1625 tion
497 1576 627 1643 possunt,
650 1569 746 1625 saltem
761 1568 923 1625 oblivionem
943 1569 1057 1625 immitte
1075 1577 1183 1625 tuorum
1200 1570 1311 1631 animis,
1335 1586 1371 1625 nc
1388 1568 1544 1624 benedictio-

263 1671 311 1710 nes
330 1645 403 1719 illius
424 1656 598 1715 aversentur,
621 1653 644 1708 si
665 1654 738 1710 lorte
761 1655 787 1709 in
807 1662 923 1710 mentem
944 1651 1048 1710 venerit
1066 1671 1144 1728 qnam
1167 1653 1325 1710 detestanda
1348 1670 1483 1726 quamque
1499 1669 1544 1707 non

262 1739 374 1795 dicenda
397 1738 520 1794 manibus
544 1736 598 1794 illis
621 1746 725 1811 patret:
750 1752 785 1794 ne
808 1739 1028 1813 consecrationes
1060 1738 1131 1793 illius
1160 1737 1304 1799 vilescant,
1335 1739 1358 1793 si
1384 1738 1469 1793 totius
1490 1738 1568 1791 sitan

208 1829 253 1879 tt.
264 1823 422 1897 spurcitiem
444 1823 576 1896 cogitent.
621 1822 817 1896 Benignissime
839 1824 912 1887 lesu,
936 1824 983 1897 qui
1004 1822 1129 1879 verolus
1152 1841 1181 1879 cs
1204 1823 1309 1884 mundi,
1333 1822 1442 1877 illustra
1460 1829 1546 1896 pectus

263 1907 336 1964 illius
352 1907 461 1964 lumine
484 1907 560 1968 fidei.
594 1915 623 1963 ut
646 1907 697 1962 iam
725 1898 779 1964 non
803 1908 837 1964 ab
866 1907 1051 1963 adulatoribus
1074 1907 1326 1981 perniciosissimis.
1363 1908 1409 1979 qui
1438 1907 1546 1980 pessima

261 1990 384 2049 niolicnti
406 1993 500 2048 dicunt
531 2000 609 2064 ‘euge
630 1992 716 2065 euge',
744 1993 791 2048 sed
813 1993 846 2048 de
870 2000 896 2048 te
919 1992 964 2066 qui
990 1993 1090 2048 veritas
1113 2011 1156 2054 es,
1180 1992 1309 2067 pendeat;
1340 2009 1392 2047 nec
1414 2009 1429 2045 a
1449 1991 1544 2046 ludaeis.

260 2077 405 2147 Chaldaeis,
417 2075 579 2150 sortilegis,
604 2077 650 2132 sed
673 2095 688 2132 a
704 2077 758 2132 tuis
769 2077 961 2133 'sacris'literis
977 2076 1091 2133 salutem
1107 2085 1134 2131 et
1149 2076 1256 2132 oracula
1272 2085 1349 2151 petat
1371 2084 1454 2149 atque
1475 2092 1545 2148 expc-

213 2152 215 2165 ’
260 2169 332 2226 ctet;
347 2162 420 2217 Petri
436 2161 578 2234 Paulique,
601 2178 716 2234 quorum
731 2157 885 2218 cathedram
902 2171 995 2217 tenere
1011 2162 1129 2223 ridetur.
1151 2160 1255 2217 evolvat
1271 2160 1413 2234 epistolas,
1437 2160 1484 2215 has
1502 2161 1567 2213 inu

261 2245 349 2307 bibat,
369 2245 479 2301 illorum
494 2246 621 2318 spiritum
637 2244 712 2301 illine
727 2247 846 2307 hauriat.
863 2254 893 2301 ut
909 2263 978 2319 quos
994 2263 1101 2320 semper
1116 2245 1242 2319 exprimit
1257 2244 1386 2318 plumbo.
1409 2244 1493 2317 magis
1507 2260 1544 2298 cs·

261 2330 361 2404 primat
376 2329 443 2393 vita;
458 2339 487 2385 et
502 2329 600 2404 quibus
615 2331 716 2404 aequari
733 2348 763 2387 ae
779 2331 860 2386 ctiam
875 2330 1003 2404 anteponi
1019 2329 1141 2403 postulat
1155 2330 1298 2403 dignitate,
1315 2331 1365 2385 has
1382 2331 1444 2385 vitm
1456 2327 1544 2384 sancti·
1583 2336 1587 2349 '

204 2420 248 2468 §.b
262 2415 352 2470 naenia
368 2432 422 2470 non
439 2422 567 2487 gravetur
584 2413 679 2470 saltem
695 2416 780 2488 sequi.
818 2414 906 2475 Tolle,
923 2413 1006 2476 tolle,
1022 2415 1094 2477 lesu‚·
1110 2415 1276 2488 profundum
1293 2414 1377 2470 animi
1393 2414 1542 2486 lethargum

261 2498 326 2554 tolle
341 2499 537 2555 crassissimam
552 2499 672 2572 pectoris
688 2509 809 2560 noctem,
833 2505 863 2554 ut
886 2499 973 2554 videat
996 2505 1071 2555 tuum
1090 2499 1233 2572 imperium
1251 2498 1286 2553 ab
1300 2499 1384 2555 huius
1400 2499 1489 2554 mundi
1503 2497 1543 2551 do

259 2583 362 2639 minatu
377 2583 535 2657 longissime
556 2583 702 2644 dissidere,
726 2591 800 2639 tuam
816 2583 974 2659 sapientiam
991 2601 1004 2638 a
1021 2584 1111 2639 mundi
1126 2583 1207 2639 huius
1223 2573 1357 2657 sapientia
1374 2601 1406 2639 ex
1421 2583 1564 2638 alienetur·

259 2668 374 2730 distare,
398 2669 425 2724 in
446 2686 548 2723 summa
570 2667 637 2723 nibil
661 2669 807 2724 convenire
828 2667 880 2724 luci
906 2685 966 2724 cum
993 2667 1128 2724 tenebris:
1157 2669 1244 2724 videat
1275 2668 1444 2741 pontificiam
1465 2666 1541 2739 digni·

260 2761 341 2809 tatem
368 2771 423 2809 non
452 2754 477 2808 in
504 2752 704 2810 accumulandis
732 2766 782 2827 per
805 2754 845 2808 las
868 2753 998 2826 nefasque
1021 2750 1133 2826 opibus,
1160 2753 1261 2808 nonin
1284 2753 1438 2809 vanissimis
1458 2750 1540 2809 titulis

259 2854 314 2894 non
338 2840 365 2894 in
389 2839 460 2894 fastu
483 2837 655 2912 strepituque
679 2838 826 2899 mundano.
852 2854 905 2893 non
926 2839 952 2892 in
979 2838 1116 2912 tyrannica
1138 2845 1281 2910 potestate.
1300 2838 1381 2894 sitam
1401 2847 1540 2908 essequa

260 2933 288 2979 tu
312 2931 420 2998 'semper
439 2942 468 2980 es
487 2930 662 2996 aspernatum
686 2922 732 2977 sed
756 2922 792 2977 ita
815 2923 921 2978 demum
945 2921 1141 2996 amplissimum
1162 2938 1223 2978 esse
1243 2921 1417 2997 pontificem,
1447 2922 1468 2976 si
1489 2921 1539 2973 viia

258 3009 435 3064 sanctimonia
456 3008 492 3065 sit
513 3007 683 3082 principibus
706 3024 815 3082 quoquc
837 3007 1014 3069 reverendus,
1040 3007 1144 3062 sivivo
1166 3007 1209 3063 dei
1234 3006 1329 3063 verbo
1341 3014 1494 3080 grassetur,
1521 3003 1560 3057 sia

238 3102 307 3149 ·tuo
330 3093 429 3167 spiritu
452 3093 488 3149 sit
508 3092 636 3153 invictus,
664 3091 687 3146 si
711 3108 848 3148 sacrarum
870 3091 1010 3148 literarum
1034 3091 1147 3148 scientia
1169 3092 1257 3153 dives,
1292 3092 1315 3147 si
1337 3101 1473 3148 castarum
1492 3105 1539 3145 ora·

262 3178 365 3232 tionum
385 3178 513 3252 praesidio
534 3185 624 3238 tutus,
650 3176 672 3231 si
692 3177 753 3232 vitae
776 3185 935 3251 contemptu
958 3194 1066 3251 semper
1085 3176 1253 3252 intrepidus,
1273 3177 1306 3231 'si
1333 3177 1425 3232 crucis
1445 3173 1538 3231 rantuli·

261 3261 336 3316 tione
356 3262 403 3317 tibi
426 3263 580 3336 proximus.
606 3269 638 3317 nt
660 3261 696 3316 ita
718 3262 834 3335 denique
856 3278 977 3318 summus
1001 3261 1123 3334 pontifex
1145 3260 1276 3335 appellari
1297 3260 1451 3334 glorietur,
1473 3260 1493 3313 si
1508 3256 1537 3312 tui

205 3346 252 3397 §.u
264 3344 417 3401 simillimus
440 3356 500 3402 csse
521 3346 643 3408 studeat,
666 3346 712 3420 qui
735 3362 872 3420 nunquam
895 3363 956 3419 qnae
978 3354 1023 3402 tna
1047 3354 1112 3401 sunt
1134 3344 1291 3420 quaesivisti.
1336 3347 1427 3420 Atque
1451 3344 1490 3399 his
1505 3356 1537 3396 ar·

258 3430 309 3485 mis
330 3447 391 3485 vere
413 3429 571 3503 apostolicis
597 3430 746 3487 instructus
776 3431 829 3487 t‘uis
857 3430 984 3504 auspiciis
1008 3429 1234 3487 vcros‘ccclesiae
1264 3430 1360 3486 hostes
1391 3429 1496 3486 lortiter
1514 3434 1557 3481 actt

258 3513 375 3569 lelieiter
391 3514 533 3589 profliget,
556 3512 705 3577 avaritiam,
727 3514 881 3582 libidinem,
905 3514 1083 3579 iracundiam,
1105 3514 1294 3589 pertinaciam.
1318 3515 1490 3571 ambitionem
1504 3526 1535 3565 re·

256 3597 384 3673 liqnaqne
405 3599 482 3660 vitia.
506 3617 566 3672 qum
589 3599 639 3654 lam
663 3600 702 3656 sic
720 3609 887 3674 occuparunt
908 3600 1012 3663 omnia,
1036 3609 1065 3655 ut
1083 3600 1249 3656 llhomanam
1268 3615 1380 3673 qnoque
1400 3593 1534 3657 sedeamil

257 3681 299 3740 est
326 3699 413 3739 arcem
442 3682 577 3745 ccclesia,
605 3685 643 3740 sic
668 3684 749 3759 impie
774 3685 975 3759 crudeliterque
1006 3684 1187 3759 populentur,
1217 3692 1248 3740 ut
1279 3701 1415 3758 nusquam
1440 3684 1534 3739 Saum

257 3768 353 3843 re'gnet
372 3768 548 3831 insolentius,
572 3786 621 3825 nec
642 3777 757 3842 usquam
775 3770 864 3825 minus
888 3770 924 3825 sit
947 3769 1023 3826 locus
1045 3770 1156 3842 pietati.
1187 3783 1267 3843 quam
1288 3769 1338 3824 uhi
1359 3769 1467 3842 pietatis
1488 3766 1533 3820 lon·

256 3862 311 3910 tem
333 3872 393 3910 esse
417 3854 522 3919 decuit;
545 3868 605 3910 cnm
629 3854 671 3929 his
689 3838 914 3915 hostibusffcum
934 3854 976 3909 his
995 3855 1089 3910 'ltircis
1107 3853 1321 3925 belligerandum
1347 3852 1475 3927 pontifici,
1496 3845 1552 3903 solt

256 3938 338 3995 arinis
357 3939 553 4014 spiritualibus.
595 3937 691 3994 liornm
713 3957 779 4012 opes
803 3947 933 4012 quantum
947 3933 1105 3999 attriverit.
1129 3946 1232 3993 tantum
1254 3939 1362 3994 auserit
1382 3956 1448 4012 opes
1464 3932 1530 3990 eccle

256 4025 313 4079 sim.
351 4024 418 4081 sciat
446 4025 483 4080 ita
510 4037 567 4080 rem
589 4023 768 4078 Christianam
800 4023 960 4097 qnupagari,
989 4041 1042 4080 non
1069 4023 1095 4078 'si
1126 4023 1361 4096 flagitiosissimis
1378 4023 1479 4078 arbutus
1497 4032 1529 4072 ce

255 4109 308 4181 piis
341 4126 437 4183 magna
465 4108 609 4166 Christiani
643 4107 784 4181 sanguinis
815 4109 930 4169 iactura.
967 4119 1069 4164 sutnrua
1101 4107 1260 4163 Christiane
1290 4107 1372 4180 pacis·
1397 4103 1528 4166 turbationi

256 4192 409 4266 plusculum
434 4195 594 4268 oppidorum
618 4193 760 4266 tyrannide
783 4200 888 4266 premat
913 4192 1228 4267 llhomanuspontilex,
1260 4193 1307 4247 sed
1332 4192 1354 4247 si
1378 4189 1527 4261 tate-regul

256 4276 398 4333 inanimis
416 4278 556 4335 hominnm
577 4277 690 4351 spiritus
706 4287 783 4340 tuus.
808 4277 854 4351 qui
869 4277 949 4333 docet
966 4285 1073 4334 terrena
1089 4277 1161 4340 haec,
1185 4292 1235 4350 pro
1252 4277 1353 4350 quibus
1369 4273 1464 4333 ethnici
1478 4264 1547 4326 ratu*i

187 4359 452 4431 nuattgtadtunmr,
476 4380 526 4436 pro
548 4361 632 4418 nihilo
651 4362 759 4418 ducere,
801 4361 901 4418 Saltem
922 4362 964 4418 his
987 4360 1065 4418 malis
1087 4370 1147 4435 quae
1164 4361 1247 4423 vitta,
1270 4362 1372 4422 sensit,
1392 4361 1480 4416 doctus
1494 4360 1524 4408 lu

257 4444 381 4516 sipiscat‚
404 4452 432 4501 ct
454 4445 588 4518 intelligat
611 4464 690 4521 quam
706 4462 760 4502 nnn
778 4447 848 4503 site
867 4463 897 4502 rc
913 4447 1071 4520 pontificum
1092 4445 1241 4503 secularem
1259 4446 1447 4502 administrare.
1459 4437 1523 4495 ditio·

256 4557 459 4570 ——-

324 4624 349 4699 ¹⁰!
362 4626 482 4677 Cnldmis
501 4631 524 4680 6.
565 4625 584 4659 ’¹
605 4619 724 4694 plumbo}
745 4629 762 4677 i.
778 4644 801 4679 c.
814 4628 951 4678 bullarum
964 4629 1073 4694 sigillis.
1084 4656 1087 4660 ·
1100 4627 1133 4660 '¹⁷
1150 4627 1323 4680 cumulandis
1342 4631 1365 4676 6.
1400 4625 1423 4658 ¹⁹
1440 4624 1488 4674 vilo
1502 4616 1520 4662 3·

253 4705 275 4738 ³⁴
295 4710 430 4771 quaesivtt.
450 4715 474 4763 6.
525 4711 547 4743 ³⁷
566 4712 642 4761 Rom.
662 4717 685 4761 6.
703 4713 802 4778 ubique.
