3210 5416
247 356 319 428 592
688 385 804 422 ΜΔΙΜῘ
823 386 1094 423 PRVDORVTTRMCL

178 547 236 597 §.aa
309 545 407 601 biait
435 543 650 618 Pasquillus.
688 544 754 602 Cum
784 562 872 618 nuper
904 544 973 601 clam
1002 545 1113 602 demam
1147 545 1261 601 fuissem
1291 546 1439 618 ingressus
1465 562 1528 619 pere·

244 632 324 705 grino
356 629 465 691 babitu,
499 629 629 703 quadriga
660 629 809 686 vehebatur
842 631 966 686 Pontifex
994 630 1026 686 ad
1056 647 1180 704 campum
1207 630 1339 686 blartinm
1369 631 1528 687 comburendi

244 733 325 772 causa
347 713 433 771 libros
455 715 577 770 doctoris
606 714 712 770 Martini
734 722 762 771 et
791 714 866 772 illins
894 716 1049 788 imaginem
1077 733 1170 771 rerum
1197 733 1261 771 curn
1288 716 1327 771 de
1356 734 1434 771 more
1462 715 1528 770 rellet

243 801 421 862 descendere,
448 798 693 873 praecepslabitur
716 817 878 874 nasumque.
908 801 953 874 qui
977 799 1016 855 illi
1039 800 1159 858 aduncus
1181 809 1224 855 est
1248 819 1280 856 ac
1310 800 1482 874 praelongas,
1507 808 1528 855 et

245 884 349 942 vultum
373 885 399 940 in
422 893 483 940 reta
516 884 640 957 impegit:
671 883 742 941 bona
765 885 888 945 fortuna,
919 903 979 941 curn
1008 886 1139 941 cervicem
1167 884 1297 957 frangere
1328 886 1481 946 debuisset,
1505 886 1543 940 uis

245 989 259 1028 a
281 969 462 1044 stipatoribus
485 968 582 1025 luisset
604 977 794 1042 praeservatua.
840 970 948 1044 quidsi
973 970 1033 1026 ideo
1057 970 1128 1026 sorte
1150 979 1340 1043 pressi-raras
1363 979 1421 1034 est,
1449 980 1477 1026 nt
1496 986 1530 1027 sa·

244 1057 302 1129 piat
324 1055 430 1111 tandem
441 1072 483 1114 ⁴ac
504 1063 654 1126 cognoscat
673 1073 704 1112 se
718 1060 780 1111 esse
795 1066 978 1129 peecatorem,
1001 1055 1161 1128 desinatque
1178 1055 1286 1112 tandem
1303 1056 1463 1111 dementare
1477 1054 1529 1110 Ger·

244 1141 357 1196 manos?

177 1227 235 1277 §.aa
308 1225 399 1280 biait
421 1223 600 1279 Vadiscus.
638 1215 782 1281 blar'tinum
803 1224 952 1281 Lntberum
974 1225 1060 1282 virum
1083 1223 1158 1280 illum
1186 1223 1373 1294 venerabilem
1402 1232 1431 1281 ct
1452 1225 1529 1298 piissi-

244 1327 332 1370 nrum,
354 1296 469 1373 alterurn
491 1316 593 1364 nostrae
615 1309 703 1365 aetatis
725 1307 931 1384 Hieronymum,
955 1311 978 1365 si
1002 1310 1063 1384 quis
1080 1310 1284 1371 combusserit,
1310 1311 1552 1384 quemadmodum·

245 1395 334 1468 ignem
357 1392 408 1450 sibi
429 1393 567 1450 minantur
589 1394 787 1457 Rormnenses,
810 1412 889 1451 nemo
912 1395 965 1452 boc
986 1396 1067 1452 saciet
1088 1394 1141 1450 nisi
1164 1396 1296 1451 heretici.

176 1485 235 1535 §.³2
309 1480 397 1535 [lixit
418 1478 631 1552 Pasquillus.
668 1479 763 1535 Audiri
790 1480 843 1536 boc
874 1498 944 1536 anuo
973 1481 1194 1537 concionatorem
1223 1480 1367 1553 impendio
1390 1479 1528 1554 loquacem

244 1564 292 1620 sed
315 1564 467 1626 indoctum,
498 1564 544 1637 qui
573 1564 679 1619 rueuuit
706 1561 836 1637 plebem,
866 1582 921 1638 quo
951 1559 1044 1622 careat
1071 1583 1086 1620 a
1114 1564 1233 1621 huicne
1255 1564 1395 1641 librorum
1418 1565 1528 1624 Lutheri.

245 1649 318 1724 quod
341 1649 424 1706 multa
446 1650 501 1704 siut
530 1648 558 1706 ia
587 1648 641 1705 illis
665 1651 763 1705 acriter
785 1658 812 1706 et
835 1649 974 1706 hostiliter
1000 1650 1072 1706 dicta
1101 1650 1126 1705 in
1149 1648 1319 1705 Pontificem.
1367 1650 1421 1705 boe
1450 1657 1527 1705 anun

244 1750 298 1790 nen
320 1735 399 1797 dixit,
430 1734 492 1807 quia
519 1734 551 1789 ad
573 1751 634 1790 errm
657 1733 758 1807 aliquid
780 1735 931 1808 pertineret
952 1735 985 1791 de
1007 1734 1145 1790 animabus
1168 1733 1322 1795 lucrandis.
1353 1753 1422 1813 quas
1446 1734 1552 1808 potiusn

238 1818 346 1877 ‘salvare
368 1819 498 1875 debuerat
520 1836 569 1893 per
590 1819 740 1875 doctrinam
764 1819 965 1882 Lutheri,'sed
994 1820 1057 1894 quia
1083 1821 1141 1893 ipse
1169 1827 1310 1875 scortator
1340 1828 1384 1876 est
1405 1820 1526 1875 maximus

244 1912 271 1960 et
293 1904 467 1967 Curtisanus;
497 1904 557 1961 ideo
585 1921 618 1959 nc
648 1904 713 1977 quid
739 1904 793 1962 sibi
821 1905 1019 1961 diminueretur
1039 1904 1072 1960 de
1094 1903 1237 1978 stipendiis
1261 1904 1416 1961 adalenda
1438 1913 1526 1962 scorta

244 1989 276 2045 ad
298 1989 467 2046 deducandas
490 1990 622 2062 virgines,
646 2006 677 2046 ea
698 1989 780 2044 dixit:
803 2006 864 2045 nam
884 1990 919 2045 de
940 1990 1064 2045 doctrine
1087 2006 1150 2045 sana
1172 1997 1203 2044 ut
1225 1987 1298 2044 illam
1323 1998 1432 2045 astruat
1448 2000 1474 2050 et
1488 1989 1528 2043 dc

243 2083 316 2136 caat,
345 2074 484 2148 quemodo
512 2081 605 2148 potest
633 2074 670 2130 ita
698 2091 888 2147 propugnare,
918 2076 955 2130 ita
978 2075 1109 2137 insanire,
1143 2092 1203 2129 cum
1226 2073 1294 2130 nibil
1324 2092 1447 2148 unquam
1475 2074 1528 2129 atti·

244 2159 315 2233 gerit
343 2160 481 2216 bacarum>
502 2158 657 2225 literarum,
687 2158 754 2214 nibil
782 2176 901 2233 unquam
923 2167 1025 2233 praeter
1047 2159 1157 2216 &ctum
1178 2159 1322 2225 didicerit,
1355 2159 1476 2233 alioqui,
1502 2165 1551 2213 uta

244 2246 334 2300 caeteri
364 2244 510 2318 scpbistae,
539 2242 759 2316 loquacissimus,
791 2244 1005 2306 indoctissimus,
1037 2243 1259 2306 barbarissimos,
1287 2251 1317 2300 et
1349 2245 1461 2318 ingenio
1487 2243 1527 2298 de—

245 2330 374 2386 stitutus?
908 2353 910 2358 ⁴
970 2362 971 2366 ,

176 2406 232 2455 §.aa
306 2415 402 2469 binit
424 2413 601 2470 Vadiseus.
638 2413 833 2470 blascavieuses
863 2431 944 2488 quum
974 2412 1073 2473 vellent
1100 2413 1132 2469 ad
1154 2412 1300 2471 Ecclesiam
1331 2414 1422 2475 redire
1452 2421 1526 2486 atque

194 2542 201 2555 .
244 2498 349 2573 legatos
377 2515 444 2555 suos
473 2497 611 2554 misissent
633 2497 743 2555 Romam
771 2507 896 2573 petentes
926 2507 956 2554 ut
968 2499 1004 2574 ‚in
1028 2497 1153 2555 Ecclesiae
1175 2498 1309 2571 gremium
1334 2499 1525 2573 reciperentur.

242 2584 379 2651 llomauus
401 2582 523 2657 pontifex
546 2600 596 2657 pro
620 2582 816 2644 inobedientia,
846 2584 917 2658 quo'd
940 2601 970 2640 se
992 2601 1126 2641 summurn
1149 2601 1180 2639 ac
1202 2585 1348 2640 maximum
1373 2598 1551 2656 nenegasse

243 2669 357 2731 vissent.
392 2669 550 2725 adorassent
583 2667 750 2741 pontificem,
784 2668 868 2725 octies
894 2677 1003 2725 ceutmn
1031 2668 1104 2728 milia
1132 2668 1294 2724 ducatorum
1326 2670 1416 2742 petiit.
1460 2667 1524 2742 qaod

243 2771 303 2811 cam
326 2753 368 2811 illi
388 2754 541 2816 audissent,
566 2752 660 2808 ‘Tanti'
684 2753 811 2826 inquinat
835 2752 970 2811 ‘uolumus
992 2771 1043 2810 nos
1065 2769 1154 2809 emere
1176 2754 1322 2809 unionem!
1368 2754 1406 2809 lle
1426 2754 1524 2809 boemis

161 2874 170 2884 -
243 2841 335 2896 nescio
358 2839 423 2913 quid
445 2838 533 2894 simile
556 2845 644 2895 aetum
666 2847 722 2900 est,
746 2856 861 2912 qnorum
884 2839 1021 2912 principes
1044 2837 1075 2895 ad
1098 2838 1151 2894 hoc
1171 2846 1319 2900 conantur,
1345 2847 1378 2894 ut
1392 2839 1425 2894 ad
1440 2853 1523 2893 remu

243 2925 354 2982 redeant
376 2922 624 2980 Christianismum:
648 2931 752 2979 tantum
773 2924 807 2980 de
830 2923 909 2979 bonis
931 2923 1123 2980 ecelesiasticis
1138 2922 1225 2980 adbuc
1240 2923 1348 2996 agitur,
1373 2924 1448 2979 etde
1462 2922 1524 2978 Pon·

243 3009 326 3072 tideo,
348 3028 431 3084 quem
452 3008 550 3067 nolunt
570 3008 684 3067 adorare
706 3026 757 3082 pro
777 3008 839 3065 deo.
1190 3078 1193 3080 v
1529 3018 1549 3059 aa

175 3088 234 3139 l·³⁴·
287 3096 401 3151 'biait
421 3093 634 3168 Pasqnillus.
671 3094 767 3150 Audiri
796 3093 829 3149 ab
854 3093 972 3150 indoctis
1001 3092 1160 3167 quibusdam
1189 3092 1345 3154 monacbis,
1377 3093 1411 3149 de
1433 3091 1522 3167 quinia

243 3198 298 3237 uon
320 3187 481 3237 onustatae
505 3178 672 3235 indoctiores
694 3178 749 3234 siut
777 3197 811 3234 au
839 3177 1043 3240 sceleratiores,
1072 3178 1145 3252 qnod
1166 3176 1298 3233 llartiuus
1320 3176 1460 3237 Lutherus
1480 3177 1523 3232 lto

242 3266 384 3321 benorum
405 3281 527 3333 errorem
550 3264 684 3319 induxerit
712 3264 738 3318 iu
760 3263 945 3326 Germaniam,
973 3281 1034 3319 curn
1064 3280 1156 3328 revera
1186 3261 1225 3317 illi
1255 3263 1385 3319 omnibus
1406 3258 1521 3319 Bobenia

242 3350 297 3406 sint
320 3350 444 3422 peiores:
476 3366 530 3404 nou
560 3348 687 3405 obstante
715 3348 799 3412 enim,
829 3349 901 3421 qnod
929 3349 985 3405 reri
1013 3348 1135 3404 monachi
1164 3364 1218 3402 nou
1247 3356 1329 3411 sunt,
1361 3348 1409 3404 sed
1431 3346 1520 3421 gralcsi.

241 3432 352 3495 lubrici,
375 3433 464 3508 impii,
487 3433 603 3494 imlocti,
631 3433 749 3508 adiposi,
779 3434 887 3507 pietatis
909 3433 1109 3495 destructores,
1138 3433 1218 3488 ctiam
1241 3433 1343 3506 spurii,
1374 3433 1546 3506 proditores

242 3536 369 3578 suorum,
392 3527 420 3573 et
442 3517 622 3574 confessionis
645 3517 888 3575 intemeratissimae
911 3537 940 3574 ac
962 3517 1150 3575 sacratissime
1172 3515 1356 3580 revelatores,
1380 3518 1443 3582 lecti
1464 3523 1520 3571 sunt

242 3604 323 3659 etiam
346 3602 447 3659 indices
469 3602 666 3674 cogitationum
687 3602 851 3666 alienarum,
880 3612 909 3659 et
935 3604 1065 3659 festucam
1094 3602 1195 3658 rident·
1212 3603 1239 3658 in
1270 3601 1353 3659 ocule
1387 3603 1437 3659 viri
1457 3600 1519 3658 ebri-

243 3687 415 3750 stianissimi.
439 3694 466 3743 et
488 3703 551 3743 suas
573 3687 701 3745 maximas
724 3688 814 3744 trabes
837 3704 891 3744 nou
912 3689 1011 3744 vident.

73 3762 79 3777 ¹
174 3765 234 3816 Ν·
307 3773 399 3830 biait
420 3771 598 3828 Vadiscns.
634 3770 775 3828 blaximuur
797 3782 984 3845 argumentum
1007 3780 1062 3835 est,
1090 3770 1231 3846 probatam
1258 3772 1414 3828 doctrinam
1435 3772 1518 3827 decta-

243 3860 281 3916 ris
303 3858 411 3915 llartiui
432 3856 558 3919 botheri,
588 3856 660 3930 qnod
682 3858 868 3931 tagastenses
891 3858 942 3913 ianr
963 3859 1033 3914 dnos
1055 3856 1096 3913 vel
1120 3866 1174 3913 tres
1196 3856 1358 3932 deiecerunt
1380 3854 1541 3916 ab'olleiotl

240 3943 404 4020 praedicandi
425 3941 550 4017 publice,
577 3942 651 4016 quod
672 3941 792 3999 Luthero
820 3960 875 3998 non
898 3943 1032 4004 laterent,
1059 3941 1194 3998 Urbamun
1216 3940 1345 4014 Regium,
1373 3943 1458 3997 sirum
1476 3939 1516 3993 dc·

240 4031 406 4091 etissiaanm,
435 4028 548 4084 maxima
576 4027 689 4101 pecunia
718 4027 905 4086 conduxerant
924 4029 974 4101 qui
997 4025 1052 4083 illis
1075 4027 1225 4101 synceriter
1246 4028 1396 4083 annunciet
1417 4023 1514 4081 verbum

240 4115 283 4170 dei
306 4114 453 4171 secuudum
475 4113 661 4170 institutiones
683 4112 807 4170 Lutheri:
839 4113 975 4186 quemodo
1003 4112 1062 4168 fieri
1090 4119 1196 4186 potest,
1226 4120 1257 4167 ut
1285 4111 1381 4169 civitas
1410 4120 1459 4167 tam
1476 4123 1513 4163 se·
1573 4149 1575 4156 ,

308 4381 396 4434 2Νοιι
416 4383 526 4433 memini
544 4367 619 4453 banc
635 4396 727 4432 cesum
746 4379 815 4432 alibi
833 4385 975 4432 narratum
992 4395 1035 4431 me
1053 4377 1154 4445 legere.
1208 4378 1334 4444 ⁸saptat
1353 4381 1377 4428 1.
1432 4375 1507 4440 'pec-

229 4470 335 4515 'esrem
353 4470 377 4517 1.
435 4467 457 4499 ¹⁰
479 4465 542 4532 sibi]
567 4453 602 4516 ei,
671 4464 693 4498 ²³
716 4466 887 4523 Cl.Hutteni
914 4466 975 4530 Clsp
996 4465 1047 4514 ond
1066 4457 1367 4526 ceroma-v.353.si1q.
1433 4458 1454 4489 ’ἵ
1473 4454 1505 4504 Cf·

240 4549 340 4600 Matth.
352 4551 413 4601 VII.
426 4549 450 4600 3.
513 4551 535 4583 ³⁹
553 4552 692 4606 Urbanum
712 4551 996 4617 Regiumxdugustsm
1014 4549 1050 4599 sd
1068 4564 1097 4598 se
1116 4546 1266 4598 accersivit
1283 4548 1428 4612 episcopus
1445 4541 1505 4592 curr-

240 4634 384 4698 stoplrorus
399 4651 419 4701 ‘a
438 4635 568 4688 Stadione
588 4653 613 4686 s.
635 4635 707 4686 1520.
