3210 5416
257 365 329 434 564
698 392 814 427 orsaoor
839 372 1109 427 rsasaoaavrrsurc'r.

320 551 460 607 Genius.
498 552 635 606 Tartareae
658 550 701 605 liic
723 549 884 606 carnuficium
908 549 1011 609 aditus.
1035 549 1167 605 Cerberus
1190 559 1232 605 est
1255 567 1339 623 quem
1363 551 1455 613 audis:
1477 551 1534 606 iusta

257 638 288 693 ut
312 635 404 691 lamam
426 634 500 690 lacus
522 634 734 709 Pyriplilegeton
757 653 787 714 ae
810 636 884 708 regia
907 633 1044 694 Plutonis:
1074 635 1106 690 aul
1135 635 1256 691 dextram
1288 635 1384 690 hiatus
1406 635 1452 691 ille
1473 654 1536 709 quen

257 721 346 776 rernis
369 721 564 794 imperatorum
588 720 693 776 turbam
714 720 850 781 eoiitinet.
880 720 925 792 qm
957 718 1032 774 illine
1054 719 1080 774 io
1103 719 1155 774 rita
1178 719 1283 774 divitiis
1306 720 1467 794 mmriisque
1483 731 1536 776 suat

256 807 349 867 abusu
370 822 462 861 verunt
485 805 597 861 summis
619 805 823 878 ingrediendum
846 803 972 878 polibus.
996 821 1029 859 ue
1051 803 1169 860 lemures
1192 804 1367 860 insidientur.

189 898 247 945 uto.
320 889 472 946 Carolus.
510 890 675 945 lulianus'et
697 889 782 951 Nero.
805 889 974 945 llomieiauns
996 889 1061 945 item
1083 889 1155 962 quoal
1178 889 1289 944 tandem
1313 889 1466 963 impietatis
1485 904 1549 963 pra-³
1601 897 1603 911 ¹

255 977 322 1031 «lunt
345 974 525 1047 supplicium?

320 1059 456 1114 Genius.
494 1059 579 1115 Simul
607 1076 703 1115 omues
731 1059 883 1132 liquefacto
908 1057 1019 1131 plumbo
1047 1057 1193 1119 [rixantur.
1226 1067 1331 1131 praeter
1362 1076 1449 1115 onam
1475 1058 1538 1114 lolia

257 1160 335 1204 num.
360 1144 409 1215 qui
430 1144 465 1199 ola
487 1144 611 1200 limrosim
632 1144 747 1201 inanima
768 1143 844 1199 trullo
865 1143 1004 1199 ‹levinotus
1026 1152 1054 1199 et
1068 1143 1210 1216 supposita
1225 1142 1319 1216 lapirle
1335 1145 1462 1217 pondere
1477 1145 1538 1217 qoin-

257 1229 385 1303 quaginta
410 1227 574 1284 talentorum
597 1239 678 1302 atque
702 1227 912 1284 insolentissima
934 1228 1054 1300 pmlugra
1076 1227 1206 1290 alfianum
1236 1246 1300 1300 quae
1323 1229 1349 1283 ei
1375 1231 1490 1292 maxima
1506 1237 1538 1284 ert

182 1307 186 1329 ⁸
258 1331 346 1388 pieria.
390 1312 540 1369 Alexandro
562 1314 605 1370 oui
630 1321 705 1369 totus
726 1331 781 1369 uon
804 1313 947 1369 sullecerat
969 1312 1059 1374 orbis,
1081 1312 1156 1368 locus
1177 1312 1323 1368 ‹limonsus
1347 1321 1394 1369 est
1411 1314 1559 1372 obeunti·

259 1397 330 1457 lraurl
352 1396 469 1471 amplior
490 1398 572 1472 pede.
599 1416 689 1471 eoquo
711 1397 798 1454 iacere
820 1404 978 1453 contentum
1002 1405 1126 1471 oportet;
1155 1395 1230 1453 illius
1254 1415 1322 1453 rero
1345 1416 1451 1471 parens
1472 1397 1538 1472 (quel
1566 1398 1567 1404 ’

110 1527 112 1530 .
190 1481 401 1538 tortilianum
425 1482 550 1540 fortassis
574 1482 666 1554 luerit)
688 1482 716 1538 in
738 1481 838 1554 angulo
862 1482 977 1555 quodam
1005 1483 1131 1538 ‹loteotus
1158 1481 1267 1538 calceos
1296 1485 1435 1540 resarcit:
1464 1484 1538 1538 huiu-

256 1567 328 1624 morli
352 1567 379 1621 in
400 1566 486 1625 malos
508 1568 645 1641 principes
667 1567 802 1635 iaciuntur
823 1566 919 1623 calculi
941 1567 974 1622 alt
997 1568 1093 1624 Aeaeo.
1225 1623 1230 1637 ,
1393 1563 1537 1644 [erelournl

321 1651 481 1721 Carolus.
518 1651 586 1718 Qum
602 1653 694 1725 igitur
717 1651 862 1724 proficeret
883 1652 1061 1708 intumescere
1076 1653 1108 1707 ml
1124 1651 1259 1708 moelioum
1275 1660 1305 1707 et
1322 1669 1413 1726 regna
1428 1654 1536 1709 amitten
1553 1725 1555 1728 y

322 1737 459 1794 Genius.
497 1735 529 1791 Et
551 1754 606 1810 qno
629 1738 813 1811 potentiores.
835 1754 870 1792 eo
893 1736 994 1792 maiora
1017 1738 1156 1810 magisque
1179 1754 1210 1792 rc
1232 1737 1324 1809 magis
1340 1739 1479 1811 exquisita
1491 1747 1555 1792 tor-¹⁵

259 1829 349 1877 noenta
371 1823 530 1895 patiuntur?
553 1822 600 1878 sed
622 1829 650 1877 et
672 1821 882 1879 arumnissimum
904 1830 1012 1894 protum
1033 1839 1088 1878 non
1110 1820 1191 1894 longe
1214 1820 1314 1882 alost,
1339 1824 1490 1895 paradisos.

322 1907 475 1962 Carolus
513 1906 580 1974 Quid
602 1907 647 1963 hio
668 1904 743 1962 solos
765 1906 872 1962 neruine
895 1916 1062 1979 repugnante
1084 1924 1174 1963 seeum
1189 1905 1362 1979 digladiatur
1377 1907 1536 1963 aalulesoerst

189 1998 248 2046 tlt.
323 1993 461 2050 Genius.
497 1992 617 2064 Angelus
645 1998 687 2049 est
720 1991 839 2064 paralisi
864 1999 966 2047 eustos.
990 1991 1062 2065 ipsas
1085 1989 1225 2064 pulsemus
1240 1991 1337 2053 ,iores
1384 1992 1457 2047 Heus
1478 1993 1536 2050 lum

257 2077 360 2148 aperite
382 2084 503 2133 actutum
525 2077 613 2132 loros!
702 2126 706 2133 .

321 2160 447 2217 llelias.
485 2160 579 2219 Salvus
602 2161 654 2222 sis.
678 2160 754 2218 (leui.
778 2160 848 2219 etoile
871 2159 961 2216 renis?
985 2169 1012 2215 et
1034 2160 1082 2215 lrie
1099 2159 1224 2233 quisnam
1247 2162 1312 2215 est?
1539 2169 1554 2205 ³

322 2246 458 2303 Genius.
495 2245 708 2301 Christianorum
731 2245 882 2318 lutperator
903 2243 1015 2300 Carolus
1038 2245 1185 2306 maninus,
1209 2245 1324 2301 unicum
1348 2255 1432 2302 terra
1448 2261 1533 2302 nunes

238 2357 244 2367 ι
317 2328 451 2386 llelias
489 2328 659 2386 llaxirniliani
681 2332 787 2403 nepos?

322 2414 461 2471 Genius.
498 2414 588 2489 Nepos
610 2431 643 2470 ou
664 2414 720 2470 lilio
742 2413 878 2488 Philippo.

322 2497 447 2557 llelias.
485 2499 564 2555 Adsis
587 2499 667 2560 felir,
691 2498 855 2559 beatissime.
1602 2550 1603 2556 ,

323 2583 458 2641 Genius.
494 2582 606 2641 Ubinam
628 2584 825 2658 Imperatorum
846 2584 945 2639 eoliors
969 2602 1048 2658 quant
1071 2584 1270 2640 nudiustertius
1293 2585 1408 2641 dimisi?
1537 2589 1554 2626 ²⁵
1604 2598 1605 2601 ’

139 2656 145 2680 ⁸
324 2665 450 2725 llelias.
487 2669 560 2725 luter
581 2668 694 2732 arbores
716 2667 877 2724 deliciantur
899 2685 953 2724 nou
977 2667 1081 2742 procul.

323 2750 457 2808 Genius.
495 2753 557 2809 lulio
581 2761 611 2809 ut
633 2753 660 2808 io
681 2753 839 2808 concionem
860 2753 975 2815 veniant·
990 2753 1070 2810 simul
1092 2770 1194 2810 omnes.

323 2838 448 2894 llelias.
487 2838 588 2912 Sperne
611 2839 768 2899 adveniunt.
798 2838 830 2892 ail
859 2838 922 2893 ostii
950 2838 1048 2912 opinor
1070 2837 1187 2912 pulsum.
1217 2839 1317 2903 ridon’.
1347 2838 1455 2900 Carole,
1480 2853 1529 2893 cario

258 2922 393 2996 capillieio
415 2923 613 2997 admodumque
635 2922 769 2997 promissa
791 2921 874 2978 barlsa
897 2923 1075 2981 vulnerabilem
1098 2924 1208 2979 senem?

324 3007 477 3064 Carolus.
516 3008 607 3063 Video.
1534 3011 1552 3049 Ι

324 3092 448 3149 llelias.
485 3093 680 3148 lloaimilianus
702 3101 754 3148 est.

323 3178 476 3235 Carolus.
513 3178 589 3233 Alius
611 3186 699 3234 autem
723 3177 784 3250 quis
807 3177 852 3250 qui
876 3177 972 3235 tleutro
995 3176 1111 3252 implexo
1135 3175 1246 3233 lrrarlrio
1269 3180 1438 3236 comitatur?

325 3261 452 3317 llelias.
489 3262 601 3320 Carolus
623 3261 669 3319 ille
691 3279 770 3335 quem
794 3279 920 3335 uiagnum
943 3271 1047 3318 vocant

293 3390 298 3396 ,
324 3346 474 3411 Genios
491 3348 594 3404 Aoeetle
616 3348 740 3421 propius.

325 3430 479 3487 Carolus.
516 3429 606 3492 Salve.
629 3441 671 3487 ter
693 3432 806 3489 marlino
829 3431 990 3488 Aemiliane!
1532 3430 1547 3470 ³⁵

208 3539 252 3579 ‚qo
327 3514 587 3571 llaximilianus.
625 3515 657 3571 Et
680 3526 709 3572 tu
731 3534 841 3590 quoque
864 3517 976 3575 maxime
998 3518 1071 3573 adsis
1093 3518 1240 3590 prospero!
1463 3511 1523 3593 [oo

325 3597 474 3655 Carolus.
496 3600 596 3667 Quam
618 3601 710 3657 lelioes
733 3602 800 3658 estis
817 3602 863 3675 qui
879 3602 952 3661 exuti
975 3620 990 3656 e
1012 3600 1121 3658 mortali
1135 3601 1188 3658 hoe
1202 3618 1314 3657 earcere
1329 3604 1472 3659 divinitate
1482 3596 1524 3655 ln'r

324 3683 588 3740 Maximilianus.
626 3684 784 3742 Felicissimi
808 3703 936 3760 prorsus,
960 3687 1007 3742 setl
1031 3704 1085 3741 non
1108 3686 1159 3741 nisi
1176 3685 1263 3741 multo
1280 3688 1383 3743 sudoro
1400 3680 1525 3743 huiusnoll

173 3789 178 3798 ·
263 3768 372 3842 regilius
395 3777 525 3842 parantur
546 3768 658 3825 deliciae.

326 3852 479 3909 Carolus.
516 3853 584 3921 unit
607 3854 658 3910 lrue
682 3873 731 3911 nos
754 3858 910 3922 aeeors'mtil
963 3856 975 3910 .’
1531 3853 1547 3891 ”

194 3958 253 4006 uer.
326 3937 588 3995 llarimilianus.
625 3938 722 3996 Dicam.
760 3942 807 3996 soil
830 3941 906 4015 prius
929 3941 1015 3999 saluta
1039 3941 1133 3996 llivos:
1157 3940 1205 3996 llio
1219 3939 1335 3997 Carolus
1352 3952 1404 4003 est.
1427 3936 1527 3998 hiellet·

264 4027 349 4087 ricus,
373 4025 424 4080 iste
447 4025 613 4084 Lurlovious.
637 4025 868 4083 iuataFederieus
890 4044 966 4082 nreus
986 4044 1103 4100 ,pareus
1126 4026 1186 4081 iride
1209 4034 1237 4084 et
1261 4024 1362 4100 reliqui
1387 4043 1475 4098 reges:
1493 4034 1526 4074 au

263 4112 334 4167 enim
358 4126 452 4165 omues
473 4127 634 4184 percensere
655 4128 777 4184 possum.

328 4194 480 4265 Carolus.
517 4194 635 4256 Salvete.
658 4195 761 4251 lleroes
783 4195 893 4269 optimi,
917 4213 970 4252 una
992 4197 1101 4256 onmes!

328 4280 409 4334 llivi.
446 4279 478 4334 Et
502 4289 530 4335 tu
553 4279 624 4336 salve
648 4297 770 4353 quoque,
794 4298 898 4341 uoeuon
921 4291 948 4337 ut
970 4290 1065 4352 nostru
1088 4281 1194 4336 imitare
1216 4280 1343 4353 uestigia.
1529 4281 1544 4320 ὕ

196 4379 253 4427 toa.
327 4363 593 4420 Maximiliauus.
630 4365 675 4420 llie
703 4365 781 4426 milii,
811 4365 920 4428 Curole.
947 4367 980 4421 tle
1010 4373 1097 4422 morte
1119 4382 1177 4422 mea
1198 4382 1281 4439 quarn
1305 4365 1405 4422 laalient
1427 4359 1524 4419 tonino

265 4447 437 4520 opinionem?
570 4445 572 4448 ’

323 4565 328 4568 .
372 4561 466 4573 ..-a——

282 4661 285 4668 -
331 4629 463 4682 ’Corolo
486 4631 546 4680 lere
568 4631 709 4681 viconario
733 4634 831 4697 genius
854 4633 977 4698 podagra
1000 4638 1077 4683 reeta
1100 4633 1281 4688 vaticinetur.
1352 4631 1375 4664 ³⁵
1398 4625 1521 4680 crumas

265 4727 291 4774 p.
305 4709 362 4760 nol.
415 4710 437 4743 ⁴¹
456 4711 498 4761 of.
512 4730 575 4778 pag.
589 4715 629 4765 2⁴.
643 4731 668 4765 v.
682 4716 708 4765 5.
