3188 5422
264 364 360 434 418
464 378 527 428 XII.
598 393 743 427 neuturus.
813 392 953 427 orauoous
973 391 1148 427 rrvrruurers
1172 376 1350 439 (restuinus).

263 549 373 609 Omnes
395 556 492 609 autem
516 546 704 625 intelligimus
725 548 766 606 sir
790 546 958 607 humanitus
979 532 1275 624 eomparaton'esse,
1299 553 1481 625 inquorum
1496 545 1556 624 ple·

263 652 345 710 riuum
366 657 434 709 suot
456 651 591 717 virtutos,
615 667 717 709 eertum
741 665 794 726 par
817 656 924 727 eontra*
942 649 979 708 sit
1000 648 1121 731 invidia:
1150 666 1217 708 nam
1246 645 1301 707 soli
1329 648 1472 708 insidiam
1501 665 1555 708 non

265 755 394 812 sentitmt
416 770 541 831 quorum
566 753 595 810 in
618 751 893 828 eoospioeorirtos
915 767 974 809 rum
997 758 1056 818 est;
1084 768 1138 810 eos
1162 750 1289 809 maxime
1314 748 1364 808 illa
1387 751 1464 827 petit
1485 769 1554 829 quos

196 859 254 909 §.tt
265 854 403 915 altissime
425 855 519 914 erexit
541 853 611 912 lutee
649 851 775 912 Necesse
804 859 848 912 est
876 859 975 913 autern
1004 851 1130 912 multum
1158 852 1189 911 in
1211 869 1371 922 commune
1393 854 1489 930 possit
1511 854 1553 911 eni

263 975 364 1018 reruru
386 973 500 1016 summa
520 954 710 1033 procuranda
733 961 791 1014 est:
814 971 902 1032 quam
925 951 1009 1013 iaeile
1031 971 1151 1032 pessum
1175 953 1308 1013 rediisset
1331 952 1454 1032 publiea
1470 941 1568 1013 liber-'³

264 1065 323 1124 tae,
346 1057 371 1115 si
394 1056 429 1116 ad
453 1057 683 1135 uniuscuiusque
705 1073 823 1133 prauam
847 1055 884 1115 de
906 1074 954 1115 me
976 1056 1145 1133 opinionem
1168 1056 1245 1114 uires
1266 1054 1376 1132 quihus
1398 1055 1509 1115 tuenda
1523 1073 1550 1113 ea

264 1160 318 1218 luit
339 1158 529 1219 dimisissemz·
563 1159 599 1217 iu·
615 1157 671 1218 hee
694 1159 876 1237 propesitum
906 1175 973 1217 eum
1001 1158 1162 1235 potentiam
1191 1158 1351 1231 retiner-eru
1380 1164 1552 1233 gratumque

264 1260 293 1320 id
317 1259 402 1320 bouis
432 1260 577 1327 lacerem,
610 1260 639 1318 iu
667 1261 808 1320 allectatae
837 1258 998 1336 tyrannidis
1026 1256 1199 1318 calumniam
1228 1257 1305 1336 apud
1335 1257 1433 1318 malos
1464 1257 1549 1317 insidi.

196 1368 256 1419 §.tt
266 1361 376 1434 Quodsi
399 1374 524 1438 regnum
546 1378 737 1439 oerupassem
761 1362 863 1427 etiam,
893 1362 939 1420 eui
966 1359 994 1420 id
1017 1361 1110 1436 magis
1132 1359 1323 1420 oorrreuiebat
1346 1378 1440 1438 quam
1463 1361 1489 1419 ei
1510 1360 1549 1436 qui

264 1462 301 1522 ab
320 1470 443 1522 >externa
466 1463 605 1522 servitute
628 1463 797 1523 redemerat
818 1480 893 1541 quos
914 1462 970 1522 sub
992 1463 1119 1540 patrituu
1140 1479 1264 1540 reguum
1280 1459 1466 1522 uolleeturus
1481 1460 1569 1521 erattu

264 1564 336 1624 mihi
359 1564 490 1626 nondum
512 1582 613 1642 parem
637 1563 784 1624 retulisset
806 1566 928 1641 gratiam
951 1565 1059 1640 patria,
1077 1563 1123 1622 ei.
1142 1571 1212 1641 pro'
1225 1564 1360 1623 restituta
1391 1563 1450 1623 sibi
1472 1562 1546 1622 liber·

265 1674 324 1726 tate
352 1685 443 1744 seque
470 1664 506 1725 ab
535 1666 652 1725 interitu
679 1684 775 1744 prope
801 1666 943 1725 viriditate
971 1682 1099 1743 regulum
1127 1664 1205 1725 ultro
1226 1663 1404 1733 detulisset:
1440 1672 1470 1725 at
1491 1682 1545 1723 rere

265 1767 473 1846 languescente
495 1775 562 1847 post
583 1769 725 1845 temporis
747 1766 898 1844 intervella
920 1767 1032 1844 aeeepti
1055 1765 1188 1826 beneficii
1211 1768 1371 1833 memoria,
1400 1785 1487 1845 passa
1511 1773 1544 1825 est

198 1880 257 1929 ω.
267 1870 366 1947 impeti
389 1852 699 1946 calumnia'primum,
724 1868 828 1928 deinde
850 1869 978 1946 opprimi
1000 1867 1122 1928 scelere.
1166 1867 1252 1937 Oauod
1275 1886 1332 1928 neo
1361 1871 1459 1946 primo
1487 1867 1542 1928 miti

265 1989 321 2031 uteo
343 1971 445 2032 ultiruo
469 1990 536 2031 reer
558 1972 687 2048 oontigit.
732 1973 790 2031 tuis
820 1973 896 2031 enirn
925 1969 1001 2030 hene
1024 1971 1134 2030 meritis
1155 1970 1230 2047 grati
1260 1970 1384 2030 iuemrnt
1406 1970 1558 2046 Canium-u

266 2076 393 2134 derisas-t
415 2081 465 2133 eut
487 2091 545 2132 non
569 2073 710 2150 luitque
732 2081 759 2132 te
782 2079 945 2150 prorueret,
968 2073 1027 2131 imo
1050 2090 1116 2150 qaae
1132 2073 1282 2150 oppressit
1296 2072 1433 2139 taudem,
1462 2071 1537 2132 iuim-

266 2194 369 2235 corum
392 2175 470 2235 tloiui
493 2176 678 2244 insectatio?

331 2284 496 2337 alumenu.
533 2277 655 2343 Fateor,
679 2276 741 2336 luit.

199 2382 258 2434 tao.
332 2399 490 2439 numurus.
517 2367 603 2438 'Nam
626 2378 770 2456 Scipioni,
806 2378 911 2445 eredo,
934 2378 1027 2437 ricem
1050 2377 1176 2438 reddidit
1198 2380 1308 2456 patria,
1334 2379 1369 2438 in*
1388 2396 1443 2456 qua
1461 2376 1491 2436 al
1507 2391 1528 2430 se

269 2480 445 2560 amplissime
468 2480 604 2540 deaurata
627 2487 695 2557 post
718 2487 760 2538 tot
782 2479 856 2539 edita
881 2479 1021 2558 praeclara
1045 2480 1173 2540 facinora
1197 2497 1234 2538 ne
1257 2482 1335 2540 metri
1358 2479 1465 2559 pridem
1476 2487 1545 2553 pert

269 2584 374 2642 missus
397 2590 448 2641 est.
479 2577 573 2641 'uerte
596 2579 760 2641 Alexandro
782 2581 940 2641 domestica
964 2581 1068 2641 inuidia
1091 2589 1216 2641 mortem
1239 2583 1427 2642 concionavit.

332 2671 440 2745 uruos'.
478 2683 572 2743 Etiam
594 2683 653 2742 lieo
675 2682 834 2760 expedivit:
865 2683 903 2741 ita
927 2685 1003 2743 enim
1027 2690 1086 2743 est:
1116 2701 1204 2742 nemo
1230 2683 1331 2743 clarus
1354 2697 1464 2761 uuquam
1480 2675 1514 2733 tui

200 2788 317 2846 §.ru-oui
339 2803 398 2845 noo
421 2783 577 2863 aliquande
600 2783 695 2844 fraudi
718 2802 769 2844 sua
793 2791 869 2844 esset
891 2786 991 2845 virtus.
1029 2784 1155 2844 Necesse
1178 2791 1222 2845 est
1243 2804 1315 2846 uero
1339 2785 1415 2846 laune
1433 2782 1514 2860 quitt-

269 2895 339 2949 runt
366 2888 545 2955 Arminium,
580 2884 751 2965 praeclaram
781 2885 820 2945 ol)
857 2885 986 2946 irideleru
1019 2884 1101 2945 valde
1128 2881 1252 2946 autent.⁴
1282 2887 1405 2964 prolude
1433 2887 1516 2943 andan

269 2988 381 3048 ltouore
404 2988 488 3048 (leret
511 3007 574 3047 esse
597 2996 639 3056 te,
674 2988 835 3054 Geriuane,
870 2972 966 3065 neque
989 3002 1042 3047 nes
1065 2994 1182 3047 tatarum
1206 2989 1347 3049 virtutum
1371 2991 1411 3049 las
1429 2993 1463 3045 est
1478 2987 1535 3039 „po

268 3107 354 3167 quiam
376 3088 440 3150 lieri
464 3087 660 3150 immemores.
699 3088 756 3148 Sed
775 3091 835 3148 iarn
859 3091 953 3166 ipsum
976 3089 1046 3149 iube
1062 3091 1145 3168 sequi
1161 3097 1204 3157 te,
1228 3089 1376 3157 Mercurii,
1396 3109 1424 3149 ao
1438 3088 1514 3146 taem

269 3199 399 3250 :ututurn
423 3193 514 3259 ioum
538 3211 589 3250 ros
611 3191 646 3250 ad
670 3199 764 3250 vestra
789 3190 856 3251 ltine
879 3191 985 3251 redite!
1204 3199 1238 3267 ⁸.

333 3313 517 3354 anonvmus.
557 3294 695 3371 Seqtrere.

336 3492 346 3525 ⁴
365 3496 453 3544 erexit
468 3498 506 3544 11.
