3232 5422
247 365 319 434 382
485 379 533 427 xi.
604 393 763 427 camoenas.
834 393 974 427 uracoors
995 393 1179 428 rxvrrsarcvs.
1205 378 1290 440 (toas.)

196 590 198 600 ·
244 550 317 609 iuris
345 548 586 625 interpretatione
614 549 643 606 in
673 547 897 607 diuersissimam
925 566 1073 626 quamque
1099 544 1283 608 ¹senteutiam
1317 567 1333 607 a
1369 547 1530 625 legislatoris

245 657 343 710 mente
366 649 534 717 derivantur
557 646 653 724 leges,
677 657 706 710 et
727 651 847 728 equitas
870 650 1088 728 corrumpitur?
1119 649 1169 710 ubi
1198 651 1248 727 qui
1278 651 1384 726 optimi
1406 666 1470 708 esse
1491 666 1530 706 ro-

247 748 376 825 {gisslff‘tut‘
398 764 405 835 Ι
427 749 506 817 lunt,
530 750 634 810 fraude
656 768 691 809 ac
713 752 847 810 versutiis
869 746 1028 828 plurimum
1052 751 1165 811 valeant
1187 769 1308 811 necesse
1331 752 1395 828 esti

177 868 236 917 tas.
310 870 510 914 cranemere.
548 850 580 909 ld
603 851 681 929 quod
704 869 758 910 nos
780 852 951 927 ignoramus
972 851 1074 928 vulgo:
1098 860 1178 911 uerte
1201 853 1278 911 enim
1295 869 1386 930 quam
1402 850 1534 909 doctiaut

248 955 355 1014 indocti
378 955 435 1013 sint
457 952 501 1021 bi,
531 953 661 1013 nondum
684 954 775 1012 scitur
797 953 917 1022 ideotis;
947 971 1033 1032 mam
1057 952 1124 1012 mali
1147 972 1181 1012 ac
1205 961 1347 1013 nocentes
1376 954 1463 1019 sint„
1479 951 1547 1011 ubi-s

246 1054 374 1138 &gnum-q
404 1072 461 1130 que
484 1071 587 1113 omnes
609 1055 713 1114 sciunt.
759 1054 860 1132 ltaque
883 1055 1028 1123 Saxones,
1058 1055 1192 1115 ebrietati
1215 1054 1330 1114 deditos
1360 1054 1469 1131 alioqui
1492 1053 1534 1112 lio

247 1158 354 1223 mines,
378 1155 465 1215 lando
489 1162 601 1224 tecum,
625 1156 702 1233 quod
726 1155 795 1216 mihi
819 1157 892 1216 dicis
914 1175 966 1217 eos
987 1175 1045 1215 uon
1068 1157 1166 1216 virere
1189 1155 1307 1234 quidem
1330 1159 1398 1217 sine
1420 1155 1534 1232 legibus,

246 1276 348 1318 rerum
371 1259 433 1315 sino
456 1255 662 1316 iureconsultis
684 1256 851 1334 gubernare
874 1275 922 1317 res
943 1274 1011 1317 suas
1033 1256 1288 1335 tranquillissimos

310 1378 482 1420 averanus.
520 1358 610 1418 Recte
633 1357 749 1418 laudas:
779 1376 846 1418 nam
869 1360 978 1436 optime
1000 1358 1055 1418 sibi
1076 1358 1234 1418 consulunt
1261 1360 1311 1437 qui
1341 1359 1381 1419 ab
1405 1360 1535 1420 atrooiet

248 1461 415 1536 contagiosa
437 1458 561 1519 multum
584 1465 666 1536 peste
687 1458 798 1519 liberos
820 1466 959 1536 praestant
980 1477 1013 1519 sc
1035 1478 1070 1520 ac
1090 1461 1244 1520 immunes.
1542 1474 1557 1512 u

180 1574 238 1624 §.ib
312 1580 512 1623 rnnucrscvs.
550 1560 635 1632 Quod
659 1561 761 1621 audire
783 1580 798 1620 a
821 1560 941 1621 senibus
964 1561 1020 1621 hoo
1040 1569 1174 1639 tempore
1188 1560 1284 1630 soleo,
1309 1560 1535 1621 avorumadbuc

247 1660 426 1739 pqufglpgri·
449 1675 456 1743 Ι
479 1670 647 1722 nostrorum
670 1663 812 1722 memoria
835 1662 977 1739 incogniti
999 1665 1105 1754 passim
1126 1662 1202 1739 apud
1220 1681 1274 1721 nos
1290 1663 1535 1723 lueruntdoctor·

249 1766 320 1826 culi:
349 1767 387 1825 ita
410 1764 521 1825 dudum
544 1765 714 1824 invaserunt
736 1782 802 1823 eum
826 1764 925 1823 rubris
947 1766 1008 1823 suis
1030 1763 1142 1840 pileolis
1165 1766 1215 1842 qui
1236 1781 1293 1841 pro
1314 1762 1403 1824 libito
1426 1764 1536 1824 Germa·

248 1857 326 1928 niam
349 1867 473 1945 quadam
497 1867 580 1944 quasi
601 1866 729 1928 immissa
752 1872 923 1942 tempestate
946 1867 1146 1933 devastareut;
1170 1883 1265 1942 neque
1289 1873 1430 1944 repertus
1451 1866 1536 1924 statim

250 1970 372 2047 estqui
400 1977 459 2028 tam
489 1967 634 2045 pestilenti
663 1985 695 2026 se
723 1968 842 2026 novitati
871 1974 1049 2044 opponeret;
1085 1986 1119 2026 ac
1148 1967 1309 2027 diutissime
1340 1968 1401 2027 iam
1423 1965 1557 2026 innisum

181 2068 342 2150 §.sr.i¹p‡“„2⁵j1
365 2069 435 2131 abiit
457 2071 492 2129 iis
514 2068 651 2148 quicquid
680 2069 743 2127 ausi
772 2085 930 2144 perperam
958 2077 1035 2127 sunt..
1074 2067 1125 2128 sed
1155 2086 1213 2127 nou
1242 2067 1335 2128 abibit
1365 2086 1456 2146 spero
1483 2066 1536 2126 diu·

250 2175 321 2236 tius:
355 2171 440 2231 rideo
475 2171 552 2230 euim
581 2167 702 2245 intelligi
736 2170 844 2246 passim
873 2187 929 2246 qua
959 2171 1062 2229 iniuria
1098 2176 1223 2244 regnent
1250 2171 1278 2228 iu
1297 2170 1428 2230 'iudiciis
1460 2186 1535 2234 utine,

248 2271 387 2354 tpffiffggp
410 2289 484 2350 quos
501 2271 557 2331 ridi
573 2289 640 2331 cum
656 2289 751 2330 essem
774 2289 809 2330 ex
832 2270 1016 2330 auditoribus
1031 2270 1192 2330 Vormaciae
1215 2287 1300 2340 unus,
1323 2288 1446 2348 semper
1469 2267 1535 2348 ‘qnid

248 2371 394 2448 Xfflfflgffl‘oe·
417 2368 424 2438 Ι
447 2371 545 2432 iuris‘l'
567 2390 715 2450 quaerere,
738 2390 888 2451 nunqnam
910 2373 1029 2432 tandem
1050 2372 1191 2441 invenire,
1216 2380 1244 2432 ot
1266 2374 1296 2431 in
1318 2371 1413 2432 rebus
1429 2371 1535 2449 plerun-

249 2493 307 2553 que
335 2472 444 2534 irirolis
473 2491 657 2553 quarumque
682 2473 821 2534 'facillima
850 2473 1002 2534 ridebatur
1029 2474 1100 2534 mibi
1128 2474 1269 2550 cognitio,
1308 2491 1442 2534 suuunas
1468 2471 1557 2532 uiuos

249 2574 434 2637 difficultates
456 2582 575 2636 nectere
598 2584 627 2636 et
647 2576 778 2654 sepultos
800 2575 854 2635 snb
877 2575 1021 2636 librorum
1050 2575 1198 2635 montibus
1227 2581 1306 2635 totos
1333 2589 1534 2653 nonnunquam

249 2676 391 2754 {siggim}
425 2677 487 2736 dies
511 2684 644 2755 totasque
665 2677 811 2737 desudare
834 2685 951 2746 noctes,
986 2677 1063 2738 unde
1086 2697 1153 2738 cunr
1184 2675 1327 2755 pallentes
1357 2684 1389 2736 et
1416 2672 1535 2736 exhausti

249 2780 345 2841 studio
368 2778 541 2857 prodibant,
566 2797 599 2838 ea
622 2755 818 2856 loquebantur
840 2781 999 2856 saepissime
1021 2797 1086 2857 qnae
1107 2796 1161 2837 nus
1185 2777 1314 2856 probare
1336 2779 1460 2857 quidem
1481 2793 1535 2836 ser·

249 2863 294 2943 bis
317 2882 511 2960 cogebanurr‚
541 2899 608 2939 narn
631 2879 774 2941 librorum
797 2863 1005 2959 opprimebant
1026 2880 1213 2948 testimonib,
1243 2886 1272 2938 at
1300 2899 1374 2939 vero
1397 2876 1535 2939 sententiis

250 2984 452 3045 iudicabamus
475 2984 663 3059 ineptissima.
1162 2971 1167 2981 ’
1540 2988 1557 3026 ²³

181 3101 241 3151 §.sa
314 3104 488 3147 averanus.
526 3084 638 3143 Tantus
651 3081 745 3165 ,labor
768 3090 811 3144 est
833 3102 949 3162 acquum
974 3091 1002 3144 et
1023 3084 1155 3161 iniquum
1173 3090 1360 3160 pervertere:
1385 3101 1454 3142 nam
1469 3074 1535 3160 quod

165 3251 169 3262 Ι
251 3189 372 3248 istorum
396 3186 474 3247 aliud
497 3193 541 3245 est
563 3186 707 3253 studium,
738 3203 803 3263 quae
825 3183 904 3254 laus,
935 3204 1024 3264 quam
1047 3203 1134 3262 posse
1157 3203 1290 3244 caussam
1314 3186 1406 3244 ctiam
1429 3185 1536 3261 iniquis·

249 3290 352 3350 simam
369 3289 451 3366 quasi
468 3306 549 3366 aeqna
566 3289 602 3347 sit
617 3287 786 3358 defendere,
802 3296 831 3348 el
846 3304 1085 3365 unamquamque
1100 3287 1207 3347 bonam
1225 3285 1356 3346 reddere
1370 3280 1536 3363 pessimam?

313 3408 514 3450 rnsncxscvs.
553 3388 638 3449 Aliud
661 3408 720 3450 non
743 3398 801 3458 est,
826 3397 858 3450 ut
879 3389 1032 3449 manifeste
1054 3395 1148 3465 patet:
1176 3406 1243 3448 nam
1271 3387 1300 3446 id
1330 3396 1424 3465 agunt
1446 3384 1536 3464 prreoi·

249 3487 379 3565 &iiiiii
400 3490 408 3560 Ι
429 3507 489 3566 pue
511 3497 599 3568 atque
621 3489 660 3551 ibi
689 3510 803 3553 summa
826 3509 874 3552 ars
897 3498 956 3558 est,
988 3496 1020 3550 ut
1046 3490 1137 3568 siquis
1164 3491 1251 3551 unico
1273 3488 1393 3549 labatur
1416 3485 1560 3548 verbulo*

251 3609 354 3652 caussa
376 3592 472 3650 statim
486 3591 637 3668 ,excidisse
660 3607 726 3653 eum
751 3592 884 3654 clament.
931 3595 968 3653 ita
998 3610 1058 3651 nou
1088 3598 1132 3651 est
1152 3598 1214 3650 tuta
1237 3609 1291 3668 per
1314 3591 1372 3650 laos
1395 3591 1537 3650 consuen-

249 3694 304 3753 tia:
327 3694 356 3753 in
379 3691 476 3753 verbis
499 3692 586 3752 situm
610 3700 653 3753 est
675 3696 831 3755 damnetur
854 3695 919 3771 quis
941 3712 978 3754 an
1001 3693 1183 3760 absolvatur;
1208 3709 1306 3770 neque
1322 3688 1538 3769 studeutasqui·

249 3792 413 3879 iggffssgffi,{”'‘⁰·
436 3805 443 3875 Ι
465 3796 516 3855 tati
538 3794 624 3864 tales,
659 3814 761 3857 rerum
790 3798 820 3857 in
850 3793 973 3873 litigiosa
1002 3793 1178 3874 loquacitate
1206 3800 1389 3854 consumunt
1416 3806 1537 3871 operam,

250 3894 453 3973 iifflssffliiississffl
475 3892 482 3961 Ι
504 3915 539 3957 cx
562 3896 653 3959 rebus
676 3896 850 3976 plerumque
872 3898 985 3957 ficticiis
1007 3903 1036 3956 et
1058 3895 1195 3956 inanibus
1217 3894 1321 3972 ingens
1344 3894 1457 3955 bellum
1479 3908 1538 3953 usn·

182 4000 413 4069 §.sacinnaotes
458 3998 495 4059 Et
516 4006 624 4077 quanta
647 3999 700 4059 dic
717 4016 771 4080 oro
794 4017 849 4077 pax
881 4006 958 4059 esset
986 3996 1116 4074 publice,
1151 4003 1257 4075 quanta
1285 3997 1456 4056 animorum
1485 3992 1560 4072 plell

250 4118 366 4179 ruraque
388 4100 570 4168 coniunctio,
600 4100 623 4159 si
657 4117 716 4159 non
744 4118 809 4177 quae
838 4101 948 4178 optime
976 4100 1104 4158 instituta
1127 4105 1208 4167 sunt,
1239 4098 1422 4176 iniquissime
1444 4097 1537 4173 depra·

247 4199 412 4279 {gimm-
466 4208 568 4263 rareut
589 4202 651 4270 isti,
674 4218 771 4279 neque
793 4200 897 4261 liceret
918 4202 960 4261 eis
984 4199 1127 4260 malitiosa
1146 4202 1199 4259 ista
1216 4192 1357 4277 sapientia
1374 4198 1447 4260 alias
1462 4205 1537 4275 atque

247 4300 318 4362 alias
339 4302 434 4364 rebus·
452 4305 565 4381 speeies
576 4303 745 4363 inducere?
1318 4323 1320 4325 ¹

247 4400 356 4478 ἱῖἓῗῗῑῑέᾓζ
379 4420 386 4486 Ι
452 4424 623 4468 uvrranvs.
662 4403 717 4465 Ubi
740 4405 808 4482 quid
832 4410 927 4483 potest
950 4405 1060 4463 inlinila
1082 4404 1136 4463 ista
1158 4400 1302 4461 librorum
1325 4409 1442 4463 struest

313 4525 514 4568 nnanmsuvs.
552 4503 735 4565 Permultum
753 4505 848 4564 eredo
877 4511 987 4582 potest:
1020 4522 1087 4563 nam
1115 4501 1183 4562 inde.
1214 4501 1296 4561 rideo
1326 4506 1465 4580 excipere
1492 4502 1557 4559 eostt

248 4621 306 4680 quo
329 4606 472 4680 optimum
496 4623 644 4683 quomque
666 4625 704 4664 cx
730 4605 876 4666 iudicibus
904 4606 1050 4665 lasciuant
1076 4614 1105 4664 et
1133 4610 1295 4672 occassum
1330 4624 1346 4663 a
1377 4604 1485 4683 quibus
1510 4600 1534 4659 io

247 4704 398 4765 bominum
423 4712 516 4766 coetus
538 4707 654 4783 quoties
676 4707 699 4765 ia
708 4708 810 4766 structi
832 4707 951 4766 veniunt
973 4724 1040 4766 cum
1063 4705 1180 4766 casibus
1207 4706 1282 4773 suis,
1312 4706 1399 4782 quasi
1420 4700 1531 4764 Pulsus
