3232 5422
264 348 336 419 392
501 361 548 409 Xl.
620 374 780 408 rannone.
850 372 991 406 nrucoovs
1011 372 1196 407 nvrrsmcrs.
1226 356 1311 418 (isto.)

325 549 502 592 uuacsroa.
540 528 620 588 liitte
636 528 658 587 F
660 527 822 594 nocherus,
846 525 947 586 odiose
969 527 1040 586 satis
1062 533 1214 586 contactos
1234 528 1337 606 prius,
1360 535 1389 586 et
1410 526 1447 586 dc
1467 526 1539 585 sarrs

263 630 452 713 marcionibus
474 646 663 707 prosequere.
723 713 728 721 ,

262 753 359 790 raam.
391 729 399 800 Ι
462 750 636 792 mancare.
673 731 710 789 dt
739 729 768 788 in
796 728 840 788 bis
869 728 1016 789 Fnccberl
1041 736 1109 788 sunt
1141 729 1229 790 ctiam
1258 731 1332 807 ipsi,
1364 728 1444 807 quod
1468 727 1541 787 sarrs

263 854 381 913 quoqne
405 834 617 893 inmiscuerunt
638 851 685 899 se,
698 849 773 890 ‘non
803 831 931 890 contenti
959 848 1019 890 uno
1047 830 1136 889 modo
1163 829 1291 908 praedari
1319 832 1460 889 mimia
1485 829 1541 904 Ger·

194 999 198 1006 ,
263 938 399 999 manum.
1074 998 1076 1004 y
1548 945 1557 982 s

326 1056 504 1098 ucncaroa.
543 1035 628 1105 Quod
651 1053 706 1111 ego
730 1050 880 1111 nunquam
902 1034 1013 1100 audiri,
1043 1035 1071 1092 in
1094 1033 1186 1092 sacris
1208 1034 1361 1109 negoriari
1383 1031 1543 1112 Baccheos

196 1160 262 1210 §.nc
328 1155 501 1198 uvrrrsvs.
540 1136 663 1204 Audies,
686 1154 754 1195 cum
777 1135 814 1196 de
837 1135 997 1195 Curtisanis
1018 1134 1113 1194 dicam
1136 1133 1311 1213 paulopost,
1336 1141 1367 1194 et
1389 1132 1545 1194 sectasse

265 1243 307 1301 cis
328 1239 384 1300 illis
405 1236 596 1299 institoribus.

326 1358 528 1401 rcmcrscvs.
566 1337 642 1408 Ouid
663 1337 795 1417 impedit,
819 1338 997 1416 quominus
1019 1355 1098 1396 nunc
1120 1336 1201 1396 dicas
1222 1337 1339 1396 statim?

263 1430 460 1518 &mpfflgl
524 1459 696 1510 uyrrcuvs.
733 1440 795 1500 lloc
819 1441 912 1509 enim,
943 1438 1023 1516 quod
1047 1439 1083 1499 de
1106 1436 1304 1516 questoribns
1332 1437 1390 1498 illis
1408 1446 1442 1498 et
1462 1447 1569 1497 mont-ll

248 1543 326 1610 ,cbis
354 1548 473 1620 oportet
504 1541 584 1618 ioqui
620 1542 719 1620 prius,
752 1543 802 1621 qui
836 1540 891 1602 sub
922 1538 1014 1617 gloria
1043 1542 1181 1617 egestatis
1208 1541 1368 1616 pecuniam
1396 1541 1545 1618 acquirunt

264 1647 342 1703 iuria
367 1643 511 1703 comicum
535 1641 621 1710 illud,
646 1643 753 1702 ‘omnia
776 1642 935 1709 babentes,
964 1659 1062 1718 neque
1083 1640 1428 1719 quicquam‘habentes;
1457 1641 1546 1720 quibos

266 1742 337 1804 nibil
360 1761 427 1804 cnm
451 1751 510 1812 est,
533 1742 604 1813 nibil
627 1743 696 1803 deiri
718 1743 834 1804 tamen’.
880 1743 1023 1813 Quaerunt
1044 1750 1141 1803 autem
1165 1760 1251 1802 arare
1274 1742 1364 1810 adeo,
1394 1751 1429 1802 ut
1455 1760 1545 1822 peoora

264 1843 436 1921 2:3¹⁸,2350333
459 1852 466 1921 Ι
489 1827 613 1924 qnoque¹
630 1845 785 1906 docuerint
807 1845 975 1905 mendicare
998 1862 1100 1904 secum
1123 1846 1190 1903 iam.

118 1956 123 1966 ’
155 1940 158 1949 ’
197 1971 264 2021 §.ua
329 1966 506 2008 uusoaron.
544 1946 585 2005 lta
608 1946 732 2014 iaciunt,
761 1946 935 2025 perfidem,
958 1947 1011 2006 ita:
1043 1962 1110 2004 nam
1132 1947 1215 2024 porei
1237 1946 1412 2023 saginantur
1426 1945 1566 2006 Antonia-¹⁵

265 2050 311 2109 nis
332 2045 403 2115 illis,
427 2048 497 2108 dum
521 2047 620 2107 cibum
643 2055 747 2126 petunt
768 2047 922 2116 domatim,
946 2049 975 2108 in
998 2046 1054 2106 hoc
1077 2045 1115 2106 ab
1139 2043 1194 2107 illis
1216 2046 1383 2107 assneiaoti.

327 2169 502 2211 urrrcnvs.
523 2148 626 2236 ‘Quod
650 2149 726 2209 idem
749 2151 859 2208 scirent
882 2166 1019 2208 verveces
1041 2148 1163 2227 Spiritui
1185 2155 1288 2209 sancto
1310 2150 1405 2216 sueri,
1428 2150 1481 2208 nisi
1500 2155 1542 2205 tar·

266 2249 350 2311 dicre
371 2249 521 2329 paulisper
543 2251 661 2327 ingenio
685 2259 797 2318 essent:
820 2268 990 2330 quanquam
1013 2250 1170 2328 proficiunt
1192 2250 1248 2309 iam
1272 2250 1302 2309 in
1325 2249 1374 2312 'dta
1397 2248 1500 2310 schola.

329 2371 505 2412 uancaron.
544 2350 630 2411 Certe
653 2352 805 2413 docentur.

226 2464 229 2469 ’
265 2449 421 2527 ξῆἳζξξΨΙ
486 2472 658 2513 uvernerus.
697 2453 908 2533 Menaenorum
932 2470 1001 2513 vero
1025 2470 1078 2512 cnr
1099 2459 1143 2512 tot
1164 2458 1232 2511 sunt
1253 2451 1376 2512 ordines
1391 2471 1482 2520 nunc,
1500 2447 1561 2510 ndo

266 2554 333 2632 quia
362 2551 533 2630 simpliciter
561 2555 730 2614 mendicare
756 2561 846 2633 atque
875 2573 967 2615 unum
1002 2555 1030 2613 in
1059 2553 1179 2614 modum
1213 2571 1272 2612 non
1297 2552 1459 2615 ⁴lucrosum
1489 2552 1540 2612 setis

181 2712 184 2721 ,
266 2654 359 2713 visum
382 2652 438 2715 illis
460 2655 522 2714 est?
544 2656 623 2716 varie
646 2658 723 2718 enim
747 2662 778 2716 et
797 2655 1015 2716 multiformiter
1037 2653 1155 2734 placuit.
1388 2650 1390 2656 ’

198 2774 265 2825 §.isa
329 2752 529 2818 aasumscvs.
567 2757 603 2816 lt
633 2757 781 2836 quomodo
810 2756 916 2818 adduci
944 2764 1104 2836 potuerunt
1131 2756 1269 2817 Germani
1300 2757 1447 2834 primum,
1480 2754 1542 2816 utic

266 2855 351 2917 ludos
373 2857 428 2918 bos
450 2860 650 2919 consentirent
678 2866 707 2921 et
729 2858 970 2919 consuetudinem
993 2864 1165 2937 paterentur
1187 2856 1265 2935 apud
1288 2875 1321 2917 se
1344 2859 1457 2919 innasci
1476 2857 1542 2933 torp

265 2960 440 3036 pessimam?
1121 3036 1122 3039 Ἴ
1550 2963 1569 3006 ²⁵

259 3090 285 3145 '4
331 3081 505 3123 sivraurvs.
544 3062 618 3134 Ouia
641 3080 759 3139 semper
783 3060 895 3122 lucilius
918 3062 1022 3122 animis
1044 3061 1197 3123 bominum
1220 3059 1335 3119 inhaesit
1358 3076 1433 3121 vana
1461 3076 1547 3139 super·

265 3159 385 3244 {affirm
410 3154 417 3223 Ι
438 3163 516 3222 stitio
539 3182 627 3241 quum
650 3180 789 3240 persuasa
812 3164 866 3224 luit
887 3181 955 3224 vera
979 3161 1097 3240 religio,
1127 3169 1156 3222 et
1183 3163 1250 3240 quia
1279 3181 1297 3227 a
1325 3163 1456 3222 minimis
1478 3160 1550 3224 initiis

267 3270 420 3340 eruperunt
442 3265 494 3323 ista
518 3266 660 3343 periurum,
685 3264 789 3324 deinde
814 3263 952 3342 paulatim
976 3266 1161 3324 incesserunt
1183 3281 1218 3323 ac
1233 3281 1265 3323 se
1281 3263 1473 3342 protulerunt
1486 3263 1552 3324 lente

266 3361 439 3430 admodum,
464 3364 559 3425 donec
582 3364 617 3426 ad
641 3382 766 3441 regnum
789 3366 906 3425 tandem
935 3369 1068 3444 pervenit
1094 3383 1211 3424 sacrum
1240 3364 1492 3425 mendicabulum.
1530 3371 1555 3423 at

266 3464 322 3522 iam
346 3465 549 3524 emanantibus
571 3467 599 3525 in
624 3465 726 3545 vulgus
748 3468 881 3544 pessimis
904 3468 964 3527 suis
986 3467 1113 3534 artibus,
1143 3483 1201 3526 non
1224 3465 1325 3526 dubito
1354 3468 1428 3544 quin
1450 3468 1583 3527 multurae

266 3560 474 3638 fss'fflfffflffl
497 3553 504 3623 Ι
528 3567 564 3625 sit
586 3567 849 3643 perditissimorum
874 3568 1047 3647 praedonum
1070 3569 1172 3627 tactio:
1202 3583 1277 3643 nego
1301 3568 1381 3626 enim
1404 3567 1479 3629 alios
1501 3586 1557 3630 esse

265 3664 432 3724 Germaniae
454 3666 675 3750 damnosiores,
695 3668 865 3746 ubicunqne
887 3677 971 3737 sumt,
1000 3671 1049 3747 qui
1077 3677 1229 3747 utcunque
1257 3669 1378 3745 rapiunt
1400 3677 1435 3728 ct
1454 3671 1558 3747 compi-

265 3765 343 3834 lant;
378 3768 416 3826 ita
440 3774 468 3827 et
491 3785 616 3828 nurnero
639 3776 668 3829 et
696 3769 829 3848 rapiendi
859 3769 1022 3847 diligentia,
1056 3769 1151 3829 studio
1180 3787 1215 3829 ac
1242 3771 1405 3848 pertinacia
1436 3773 1559 3837 vincunt,

266 3867 404 3929 omnibus
425 3869 534 3948 passim
557 3870 610 3929 viis
632 3878 824 3930 occurrentes
847 3879 876 3931 et
898 3873 927 3930 in
950 3869 1088 3940 urbibuS,
1112 3872 1208 3949 pagis,
1232 3869 1305 3930 villis
1328 3878 1358 3930 et
1373 3873 1480 3931 castris
1495 3890 1560 3932 con·

196 3970 372 4042 qrcrdertim
401 3969 634 4033 obambulantes.
691 3970 823 4041 Quorum
853 3980 885 4033 ut
912 3973 970 4032 sint
997 3971 1066 4031 boni
1096 3971 1200 4049 aliqui,
1235 3978 1333 4031 tamen
1362 3973 1432 4049 quia
1464 3975 1591 4033 visonta

264 4059 485 4147 lqfl‘igg'pnggffilll
507 4080 635 4151 quaestu,
660 4071 799 4134 credibile
822 4091 880 4133 non
904 4079 948 4131 est
970 4075 1039 4150 quin
1062 4072 1138 4134 lucri
1160 4072 1256 4132 studio
1278 4073 1409 4132 animum
1426 4075 1456 4133 in
1473 4074 1563 4134 malas

263 4189 474 4251 nonnunquam
497 4175 606 4252 parteis
629 4174 783 4234 doilectant
808 4172 905 4234 facile:
938 4191 1008 4234 sane
1038 4174 1160 4253 peritius
1183 4192 1269 4245 nemo
1292 4174 1373 4232 norit
1395 4173 1499 4236 lucum
1522 4177 1561 4235 la·

139 4262 158 4287 *
262 4268 405 4348 limittit:
450 4265 526 4335 cere
548 4294 582 4335 ac
605 4294 659 4354 per
683 4276 816 4335 fraudem
839 4275 973 4336 hominos
1003 4292 1118 4352 capere.
1164 4281 1193 4333 et
1221 4273 1560 4354 mulierculas-quidem

331 4490 341 4522 ³
358 4493 482 4570 Fuccho.
497 4493 560 4543 Cur.
573 4496 608 4543 ud
625 4511 704 4559 uturp.
719 4497 742 4542 l.
786 4495 806 4523 ’ἓ
826 4495 1031 4544 institutoribus
1044 4496 1103 4545 edd.
1157 4491 1178 4526 ¹¹
1198 4490 1342 4558 comicum]
1362 4495 1477 4555 Terent.
1491 4497 1560 4545 Eun.

262 4574 380 4635 11.2‚u.
399 4575 517 4633 „Omnia
535 4578 639 4638 habeo,
664 4593 753 4644 neque
779 4578 925 4644 quidquam
949 4577 1053 4628 habeor
1070 4577 1147 4627 mihil
1172 4592 1233 4626 oum
1253 4582 1311 4638 cst,
1335 4577 1404 4627 nibil
1429 4578 1498 4628 defit
1521 4588 1560 4628 tn·

263 4663 350 4709 men'’.
405 4658 424 4692 ¹⁷
443 4660 710 4727 Sanctispirituslos.
764 4661 786 4693 ³⁷
805 4663 908 4727 peritus
927 4665 985 4712 edd.
