3270 5430
261 372 309 442 62
557 389 608 438 111.
678 378 817 437 ursavtvs
837 402 859 436 s.
879 402 960 436 avua.
997 403 1146 438 oratoovs.
1167 385 1252 452 (tart.)

260 556 430 635 quillitatem
452 557 503 617 tibi
526 566 608 627 sunt,
639 558 747 637 quippe
776 575 811 616 ex
842 558 924 617 cuius
951 574 985 617 re
1008 562 1052 617 est
1074 556 1201 616 hiantem
1224 562 1253 616 te
1276 555 1411 615 detinere
1434 573 1468 615 ac
1491 573 1555 614 sus·

260 676 400 736 pensum,
423 668 590 736 sperantem
612 676 730 736 sempor
753 659 816 718 lore
838 665 871 718 nt
893 676 1042 736 emergas,
1067 666 1098 717 ut
1121 657 1229 736 aliquid
1252 675 1284 716 se
1307 656 1413 717 melius
1436 657 1499 724 det,
1524 663 1556 715 ut

199 790 201 792 ·
259 762 296 820 sit
317 759 428 820 laboris
450 779 579 827 merces,
603 760 719 820 sudoris
742 761 911 836 praemium:
935 778 994 837 quo
1017 761 1045 819 in
1069 767 1145 819 statu
1168 777 1246 837 saepe
1266 760 1384 818 interim
1400 759 1554 834 contingit.

259 868 291 921 ut
312 861 363 921 libi
387 863 529 922 irascatur
552 850 570 920 ὁ
593 850 703 930 δεινὸς
726 855 852 930 ἐκεῖνος
875 859 913 919 ob
936 860 1029 921 levem
1051 861 1176 940 aliquam
1200 860 1356 920 adversum
1379 867 1408 918 te
1435 876 1556 918 causam

258 969 371 1031 motus,
395 981 483 1040 quam
506 961 554 1021 ille
576 964 648 1022 tanti
671 963 739 1021 lacit
761 968 794 1020 ut
816 980 920 1038 magna
944 963 1150 1039 deprecatione
1173 980 1248 1040 opus
1271 980 1336 1044 esse
1352 961 1421 1020 velit
1436 979 1496 1038 quo
1513 968 1575 1018 tie-⁵

259 1082 326 1124 enm
348 1064 523 1139 ingratiam
546 1063 662 1132 redeat,
687 1082 752 1123 cum
777 1072 854 1140 s'aepe
877 1062 915 1122 ob
939 1081 1001 1122 rem
1025 1063 1123 1132 nihili,
1157 1063 1196 1123 ob
1224 1064 1351 1130 floccos,
1386 1061 1554 1142 obpilnm,

258 1165 296 1224 ob
321 1166 450 1225 vitiosam
473 1182 594 1231 nucem,
624 1163 662 1223 ob
692 1164 763 1224 lurni
795 1163 930 1223 umbram
960 1165 1175 1225 excandescant
1201 1166 1350 1242 principes
1378 1181 1414 1222 ac
1438 1164 1555 1222 iniiam·

259 1274 378 1326 mentur
399 1275 428 1325 et
449 1265 561 1325 rabiem
585 1265 760 1325 contrahant
783 1266 949 1344 luriantque
971 1284 1005 1325 ac
1028 1265 1134 1326 coelurn
1157 1269 1243 1326 terrae
1266 1267 1424 1333 misceant,
1453 1265 1555 1326 brevi·

191 1387 249 1436 vsa.
260 1377 320 1436 ter,
344 1369 372 1426 in
396 1368 481 1443 nugis
503 1367 659 1445 tragoedias
680 1374 776 1442 agant.
821 1366 905 1426 Tanti
935 1374 979 1426 est
1007 1367 1055 1427 diu
1084 1370 1209 1437 serviro,
1239 1387 1273 1428 ac
1299 1386 1332 1427 se
1361 1368 1496 1444 affligere
1527 1376 1557 1428 et

259 1476 423 1530 conterere.
469 1467 655 1556 Quapropter
677 1468 820 1546 quosdam
843 1468 913 1537 ridi,
942 1476 1098 1547 postquam
1121 1469 1220 1529 multis
1242 1471 1326 1528 annis
1347 1487 1463 1529 summa
1488 1469 1587 1528 dili-u

259 1573 371 1649 gentia,
394 1571 528 1629 maximis
549 1568 700 1629 laboribus
723 1571 905 1638 serviissent,
929 1571 1019 1629 semel
1041 1571 1086 1631 vel
1109 1572 1173 1630 licta
1198 1589 1285 1630 eausa
1307 1577 1455 1630 commoto
1470 1572 1554 1647 prin·

259 1675 324 1751 ripe
346 1672 469 1750 pecunia
493 1672 603 1748 pariter
623 1660 658 1730 ac
680 1669 815 1731 libertate
837 1671 988 1740 multatos,
1012 1691 1070 1731 nou
1094 1670 1190 1731 nullos
1214 1675 1278 1731 vita.
1292 1673 1377 1732 etiam
1401 1668 1553 1751 spoliatos.

191 1775 397 1845 §.uterinos
419 1772 531 1850 scopuli
553 1780 621 1832 snut
643 1773 1028 1852 principum-suspitiones‚
1063 1791 1188 1852 quarum
1217 1772 1256 1833 illi
1278 1786 1402 1851 capaces
1426 1774 1555 1833 maxime

259 1882 342 1944 sunt,
365 1874 416 1933 sed
439 1875 469 1934 in
492 1892 564 1952 quas
586 1892 645 1934 non
668 1877 730 1934 sine
754 1877 885 1953 periculo
908 1876 1072 1935 incidimus.
1117 1874 1211 1954 Atque
1240 1877 1268 1934 in
1298 1875 1345 1934 bis
1367 1892 1423 1953 ego
1446 1892 1554 1951 perpe-

258 1985 323 2046 tuo,
347 1975 446 2044 Caste,
471 1975 508 2035 ob
532 1975 670 2053 loquendi
691 1976 870 2046 libertatem,
893 1995 952 2056 quo
975 1977 1133 2056 plurimum
1156 1976 1345 2036 offenduntur
1360 1974 1415 2043 illi,
1439 1975 1584 2035 hereos

258 2073 390 2138 Oderunt
413 2079 505 2145 enirn,
533 2083 566 2135 ut
588 2079 632 2137 vix
656 2075 749 2146 aliud,
780 2080 940 2139 veritatem.
986 2079 1046 2138 Nec
1075 2096 1149 2158 opus
1180 2086 1224 2138 est
1250 2096 1373 2156 syncere
1391 2076 1475 2153 apud
1500 2077 1554 2136 bos

258 2182 374 2248 viveres
393 2185 442 2239 aut
464 2184 560 2246 recte,
584 2178 782 2257 obsequenter
804 2181 904 2240 volunt
927 2187 955 2240 et
977 2178 1093 2239 blande.
1140 2179 1249 2240 Deinde
1273 2185 1317 2237 est
1339 2175 1456 2256 parium
1481 2179 1553 2237 iuvi·

259 2282 319 2351 dia,
344 2281 418 2340 intra
442 2298 530 2357 qoam
553 2298 612 2338 non
635 2281 794 2341 admodum
817 2300 923 2342 secure
945 2282 1107 2357 navigator.
1152 2280 1193 2339 dc
1216 2280 1390 2357 presentius
1414 2278 1554 2338 omnibus

259 2381 367 2442 malum
390 2381 565 2449 delationes
589 2399 713 2458 quarum
737 2401 804 2442 curn
828 2385 938 2461 impetu
960 2384 984 2441 si
1006 2384 1159 2460 impariter
1181 2381 1362 2449 conflixere,
1386 2378 1554 2457 periculum

202 2504 247 2547 t
259 2491 303 2544 est
325 2501 424 2542 rerum
448 2481 533 2540 simul
556 2500 590 2541 ac
613 2484 685 2542 vitae.
731 2484 824 2543 Porro
848 2492 932 2544 caute
955 2484 1073 2544 omniuo
1095 2483 1246 2543 tractanda
1269 2490 1313 2542 est
1335 2484 1397 2541 eius
1420 2484 1469 2541 eui
1490 2495 1586 2541 scr-av

258 2587 300 2645 vis
322 2589 581 2662 quantumcunque
604 2584 676 2643 iusta
700 2582 880 2661 obiurgatio:
904 2604 937 2645 ea
961 2591 1005 2645 est
1026 2584 1072 2643 bis
1094 2585 1179 2662 aegris
1200 2592 1321 2652 natura,
1345 2582 1481 2661 qrru‘dam
1498 2582 1555 2642 sibi

259 2702 469 2763 nomnmquarn
492 2683 591 2744 ulcera
615 2686 694 2761 tangi
722 2683 834 2743 nolunt.
880 2685 940 2745 lam
971 2685 1043 2753 boc,
1078 2704 1165 2763 quarn
1197 2685 1368 2763 fugiendum
1397 2692 1427 2743 et
1456 2686 1554 2761 ipsum

258 2794 302 2847 est
323 2804 441 2855 sarum,
464 2787 595 2864 speciosa
619 2804 693 2845 uror
716 2786 739 2845 si
762 2785 802 2846 illi
825 2788 862 2845 sit
884 2795 934 2847 aut
956 2787 1030 2856 lilia,
1057 2805 1095 2847 ne
1123 2787 1167 2847 vel
1197 2805 1278 2846 ames
1306 2785 1351 2846 vel
1378 2787 1472 2845 amari
1501 2785 1554 2845 tibi

257 2887 414 2967 contingat.
1213 2966 1217 2972 ‚

232 3010 234 3013 ·
322 3010 448 3061 enervo.
487 2989 529 3048 td
553 2989 719 3050 huiusmodi
742 2989 880 3068 scopulos
911 2992 994 3068 periit
1024 2990 1100 3067 apud
1129 2971 1326 3072 Alexandrum
1349 2987 1552 3049 Callisthenes.
1563 2975 1587 3043 as'

319 3111 482 3154 ursavms.
521 3090 646 3151 Etcum
669 3078 800 3169 periculo
823 3093 967 3170 navigavit
988 3093 1056 3169 Agis
1079 3092 1203 3169 Argivus
1232 3091 1357 3150 eundern
1387 3090 1554 3168 repreben-

256 3194 326 3254 dere
348 3210 439 3253 ausus
460 3193 538 3271 qood
567 3194 596 3252 in
625 3192 792 3252 adulatores
821 3201 849 3253 et
876 3193 1017 3253 ridiculos
1038 3194 1161 3271 perinde
1189 3212 1224 3253 ac
1251 3195 1279 3253 in
1303 3192 1398 3252 bonos
1420 3190 1555 3252 liberalis

256 3303 342 3354 esset.

320 3414 447 3455 easrvs.
486 3394 584 3472 Clytus
606 3413 676 3460 vere
698 3414 786 3474 quam
809 3396 845 3456 ab
869 3396 918 3457 illo
940 3396 1066 3475 Cyclope
1089 3403 1211 3474 repente
1226 3385 1390 3456 devoratus
1413 3397 1472 3457 est!

324 3594 378 3644 'te
397 3597 506 3644 enatet.
542 3592 669 3646 ¹melius
682 3599 717 3646 ΙΙ.
738 3599 832 3647 mitius
850 3601 908 3648 edd.
953 3598 1006 3649 ⁸si
1019 3605 1044 3649 5.
1064 3600 1101 3648 sit
1114 3601 1149 3648 H.
1203 3599 1309 3649 serioris
1323 3602 1348 3648 2.
1396 3590 1554 3658 *ὁδεινός

256 3670 375 3743 ἐκεῖνος]
395 3678 531 3728 timendus
550 3679 596 3729 ille
615 3681 769 3745 (princeps).
789 3684 822 3732 de
841 3684 895 3732 diis
913 3684 1054 3749 praecipue
1072 3684 1128 3732 diei
1146 3682 1227 3733 solet.
1252 3683 1294 3733 ct.
1308 3699 1361 3747 qno
1374 3684 1403 3732 in
1415 3683 1470 3733 fine
1484 3699 1553 3733 usus

256 3763 490 3828 est-proverbium
510 3764 576 3823 Quid
591 3764 639 3813 titt
655 3767 768 3829 Apollo?
787 3772 814 3815 et
832 3769 855 3827 ξ.
869 3766 910 3817 ro.
925 3770 1006 3833 „ipsc
1026 3767 1074 3818 ille
1093 3768 1200 3833 Iupiter
1216 3771 1304 3816 tnus”.
1370 3765 1462 3816 ¹=esse
1480 3756 1554 3817 velit

256 3850 292 3898 II.
312 3849 349 3897 sit
366 3849 425 3897 cdd.
495 3847 558 3897 ¹ae
576 3855 625 3896 trun
645 3855 672 3898 ot
690 3857 739 3899 tum
758 3867 809 3915 qne
833 3859 891 3915 poet
909 3852 1015 3901 furiant
1037 3853 1098 3917 add.
1112 3854 1148 3902 H.
1201 3852 1259 3900 ¹in
1276 3868 1303 3901 n.
1316 3856 1351 3901 tr.
1366 3850 1420 3917 ug]
1441 3854 1501 3903 cie.
1515 3853 1552 3902 de

256 3951 295 3983 or.
308 3934 343 3983 11.
357 3933 398 3995 51,
413 3943 459 3982 aba.
513 3947 547 3982 ae
565 3940 624 3982 onte
643 3950 672 3984 se
691 3937 800 3985 ambil.
865 3936 926 3995 (non
942 3936 992 4001 pdo
1008 3952 1041 3985 se
1057 3940 1143 4001 posuit
1161 3943 1186 3985 ut
1207 3937 1262 3998 tt.)
1332 3941 1361 3986 et
1380 3938 1414 3986 H.
1435 3952 1469 3986 ae
1488 3939 1551 3986 edd.

254 4019 273 4052 ¹¹
293 4019 444 4069 servissent
462 4020 506 4067 1³.
560 4018 875 4083 victa(proficto·)1.3.
941 4019 962 4052 ¹⁸
980 4022 1127 4086 suspitibes
1145 4026 1170 4070 5.
1240 4019 1402 4089 ¹⁵L0qrredi
1420 4020 1549 4071 libertas.

156 4118 159 4140 ¹
252 4109 370 4169 morp.5.
441 4102 493 4135 ¹¹¹¹
513 4103 605 4153 Locum
623 4103 786 4154 Oderunt...
800 4104 902 4153 blande
923 4107 948 4154 in
966 4107 1024 4155 edd.
1044 4094 1095 4156 ntra¹
1110 4108 1242 4155 extantem
1258 4108 1283 4154 in
1301 4122 1382 4170 marp.
1401 4108 1484 4155 nitida
1499 4122 1551 4155 cua

251 4207 324 4239 nanno
342 4190 482 4253 adscripsit
500 4187 535 4238 H.
553 4190 602 4238 red
622 4195 704 4237 tuanen
728 4191 785 4246 13„
809 4195 836 4237 nt
853 4192 963 4247 uidetur,
987 4194 1071 4254 lepere
1089 4194 1212 4256 nequiuit,
1231 4205 1287 4238 omn
1305 4193 1404 4241 omnino
1422 4194 1548 4254 neptemit.

252 4273 274 4306 ¹⁷
292 4279 336 4323 est
353 4275 413 4325 add.
427 4276 463 4323 H.
523 4270 573 4306 ¹¹¹⁸
591 4273 701 4323 Inuidia
719 4274 835 4337 parium.
853 4280 971 4338 marpt.
1025 4273 1045 4305 ¹⁹
1063 4274 1217 4325 Delatioes.
1235 4280 1354 4339 morpt.
1408 4273 1430 4306 ¹¹
1449 4275 1548 4324 Alexi-

252 4357 301 4407 der
312 4373 436 4423 magnus.
450 4375 530 4424 mnrp.
544 4364 567 4408 5.
616 4352 783 4408 Callistenes
795 4362 820 4407 2.
849 4358 1055 4419 „Callisthenes
1069 4373 1174 4422 quoque
1188 4364 1275 4408 tortus
1288 4359 1404 4418 interiit,
1460 4359 1549 4408 houd-

252 4457 389 4506 qnaquem
414 4444 484 4493 nulae
509 4449 537 4492 et
560 4440 765 4493 adsentantium
790 4442 1014 4492 adcommodatus
1038 4442 1177 4507 ingenio’¹.
1203 4444 1272 4492 Orare.
1292 4443 1352 4505 llus.
1370 4443 1448 4493 Vlll.
1466 4443 1547 4506 8,vr.

251 4523 273 4556 ²¹
290 4524 368 4590 Agis]
389 4527 426 4576 ef.
439 4527 579 4577 Plutarelr.
594 4529 626 4577 de
646 4528 719 4577 adul.
734 4545 759 4592 p.
771 4526 813 4576 (ill.
833 4527 888 4590 (ed.
903 4527 996 4576 Roisk.
1010 4526 1056 4576 vt.
1070 4542 1095 4590 p.
1109 4524 1181 4590 221.)
1248 4524 1272 4557 ¹¹
1291 4525 1388 4588 Clytns
1408 4531 1481 4579 1...5.
1500 4545 1550 4578 nec

250 4612 351 4657 medani!
363 4611 400 4658 H.
443 4609 533 4659 Clitus
551 4615 675 4661 9.10.13.
717 4613 760 4660 Do
774 4611 847 4661 Clito
865 4612 900 4661 ab
913 4598 1069 4660 Alexandro
1082 4610 1231 4660 interfecto
1250 4610 1286 4660 cl.
1301 4609 1377 4659 Curt.
1392 4608 1469 4662 v1'11.
1486 4611 1506 4661 l.
1521 4612 1549 4663 3.

225 4721 233 4730 -
251 4690 356 4754 (Etiam
367 4693 478 4743 Aeneas
490 4693 600 4756 Sylvius
612 4694 683 4745 hune
695 4694 786 4745 locum
798 4695 943 4760 respexit.)
