3270 5430
322 760 536 827 lnsoriptionem
554 763 679 813 dedimus
698 769 729 813 ut
747 763 807 830 ipse
825 764 966 813 Huttenus
984 761 1084 812 deletae
1104 762 1224 827 priorum
1248 761 1434 826 exemplorum
1458 776 1548 810 exem-

253 846 326 912 plari
344 848 499 897 Parisienei
524 848 594 912 quod
620 864 644 897 a.
662 846 734 897 1519.
754 848 896 913 prodierat
918 848 1055 911 hodieque
1080 848 1153 897 inter
1176 846 1260 896 libros
1284 846 1445 912 reipublicae
1469 845 1549 894 Turi·

253 932 346 982 censis
364 933 528 981 adservatur
546 932 665 995 (Indicis
683 933 812 998 bibliogr.
831 948 904 982 1111111.
918 933 1004 982 XVII.
1019 933 1069 996 5.),
1090 932 1256 998 adscripsit,
1274 932 1328 981 nisi
1348 931 1419 996 quod
1433 924 1500 996 Equ.
1521 935 1550 979 et

254 1017 356 1080 1110109.-
375 1016 500 1066 omuibus
519 1018 575 1066 suia
594 1016 698 1068 litteris
717 1018 899 1068 exhibuimus.

322 1102 364 1151 De
383 1101 515 1166 exemplis
534 1101 659 1152 0111111110
680 1103 829 1153 editionem
848 1103 1001 1167 parandam
1021 1103 1049 1151 in
1067 1101 1220 1152 subsidium
1243 1103 1352 1151 vocatis
1376 1101 1450 1151 cous.
1473 1099 1549 1150 Indi·

254 1202 315 1234 cem
333 1202 359 1235 n.
374 1187 460 1237 xvn.
497 1201 551 1236 11011
570 1187 675 1237 contuli
693 1190 764 1238 Μ.
785 1191 825 1236 ll.
845 1203 934 1251 neque
953 1188 988 1236 ad
1006 1188 1159 1251 marginem
1179 1202 1195 1235 a
1213 1189 1297 1237 Petro
1308 1187 1482 1237 Herdesiauo
1500 1184 1548 1234 ad-

253 1270 358 1335 scripta
375 1269 507 1320 lemmata
526 1272 722 1337 exemplarium
741 1275 766 1321 9.
780 1276 820 1322 10.
840 1272 1026 1322 transcribere
1045 1273 1133 1321 visum
1153 1276 1204 1321 est.
1239 1272 1357 1321 Hutteni
1376 1286 1499 1326 manum.
1519 1274 1550 1318 ut

255 1355 290 1404 ab
304 1356 363 1420 ipso
377 1355 501 1421 exemplo
515 1363 539 1407 5.
554 1357 754 1422 distinguatur,
769 1358 800 1407 H
809 1356 904 1406 littera
917 1357 945 1405 in
959 1357 1140 1407 adnotatione
1153 1356 1350 1421 significamus.
1382 1355 1425 1417 (111
1444 1371 1476 1405 00
1489 1352 1548 1403 solo

253 1440 378 1490 Hutteno
397 1440 585 1491 obsecundare
604 1441 693 1503 nolui,
714 1447 745 1495 ut
762 1442 864 1507 ubique
883 1447 995 1506 puncta
1006 1440 1187 1507 initialeeque
1205 1441 1316 1491 litteras
1334 1455 1465 1506 ponerem
1483 1453 1548 1504 quo·

252 1610 318 1672 gine
337 1610 478 1660 iussisset:
498 1612 576 1676 posui
596 1617 689 1662 tamen
707 1611 787 1676 plura
806 1611 897 1660 fateor
916 1626 997 1675 quam
1015 1611 1039 1660 si
1053 1626 1114 1660 mea
1129 1610 1234 1660 edenda
1248 1610 1368 1660 tuissent
1379 1611 1548 1676 posuissem:

253 1694 455 1760 inpedimento,
476 1711 529 1744 non
550 1697 690 1746 commodo
709 1697 843 1746 lectorum
861 1697 1013 1745 Huttenum
1032 1701 1144 1745 secutus
1162 1710 1263 1756 essem,
1284 1711 1363 1760 quem
1381 1696 1470 1761 ipsum
1489 1697 1548 1744 eius

253 1780 326 1830 modi
343 1795 518 1845 supervenea
536 1781 617 1845 signa
635 1782 659 1832 si
678 1796 729 1832 sua
747 1781 852 1846 scripta
870 1795 941 1830 nunc
955 1780 1064 1842 ederet,
1085 1781 1247 1830 omissurum
1261 1795 1323 1830 esse
1336 1779 1452 1830 confido.
1480 1779 1549 1840 Quae

252 1865 399 1915 Miinchius
418 1865 451 1915 de
470 1867 588 1915 Hutteni
613 1865 852 1916 emendationibus
876 1864 1000 1930 exemplo
1018 1869 1043 1915 5.
1064 1863 1219 1930 adscriptis.
1231 1864 1352 1926 rettulit,
1379 1879 1440 1913 cum
1459 1878 1547 1928 neque

253 1950 378 2014 integras
396 1965 485 2015 neque
505 1951 638 2001 adcruate
656 1952 706 2001 sed
724 1956 828 2000 temere
848 1966 881 1999 ac
900 1951 961 1999 sine
979 1954 1057 1999 certa
1075 1949 1128 1999 tide
1147 1948 1300 2010 rettulerit,
1326 1949 1436 1999 omnino
1456 1948 1547 2012 sperni

252 2034 404 2098 poterant.)
440 2034 517 2084 idem
535 2034 667 2106 librorum
685 2036 782 2096 index,
807 2036 831 2084 si
851 2050 996 2102 quamnam
1014 2035 1225 2100 inscriptionem
1250 2034 1326 2084 edita
1349 2032 1478 2098 exempla
1500 2033 1547 2082 ha-

252 2117 436 2197 beantnosse
454 2119 538 2180 velis,
564 2120 705 2170 adeundus
724 2126 775 2172 est.
1136 2130 1139 2133 '

319 2306 439 2355 Hntteni
458 2305 491 2354 ad
510 2306 679 2356 Henricbum
699 2307 866 2357 Stromemm
884 2307 1014 2372 praelatio
1033 2310 1062 2356 et
1079 2305 1193 2356 loannis
1210 2305 1343 2356 Frobenii
1362 2306 1397 2356 ad
1416 2305 1548 2356 Thomam

251 2391 357 2440 Morum
378 2389 475 2440 'Idibus
497 2391 698 2441 Novembribus
721 2408 748 2442 a.
768 2392 842 2442 1518.
867 2393 972 2458 scripta
996 2390 1116 2456 epistula
1143 2405 1192 2440 suo
1222 2406 1336 2455 quaeque
1360 2391 1425 2441 loco
1451 2389 1505 2440 vol.
1524 2390 1545 2438 1.

253 2476 329 2525 edita
347 2479 399 2524 est.
433 2474 735 2541 p.217.sqq.'220.sq.
776 2478 902 2527 Exeunte
921 2463 1015 2526 mense
1033 2475 1157 2540 Augusto
1174 2476 1247 2526 hunc
1266 2475 1406 2541 dialogum
1430 2475 1546 2525 nondum

251 2558 423 2625 publicatum
442 2559 528 2609 fuisse
556 2561 678 2610 ostendit
696 2561 831 2628 Spiegelii
855 2562 890 2611 ad
908 2562 1052 2610 Erasmum
1070 2561 1131 2629 1101.
1156 2560 1245 2626 pridie
1264 2559 1406 2609 Kalendas
1425 2559 1546 2625 Septem-

251 2644 315 2694 bres
334 2659 359 2693 a.
376 2643 449 2693 1518.
469 2645 574 2710 scripta
594 2646 728 2711 epistula,
748 2662 829 2711 quam
848 2646 902 2697 vol.
916 2646 939 2694 1.
958 2646 1031 2695 inter
1047 2646 1181 2696 LXXXV.
1202 2652 1231 2696 et
1248 2644 1397 2695 LXXXVI.
1418 2645 1546 2694 exhibere

252 2728 435 2793 debebamus,
455 2730 495 2779 ibi
513 2746 579 2781 vero
598 2731 726 2781 omissam
746 2747 817 2781 nune
836 2731 910 2780 infra
928 2734 993 2796 apto
1008 2730 1099 2794 aliquo
1111 2729 1173 2780 loco
1186 2731 1366 2795 repetendam
1380 2730 1546 2779 curabimus.

547 2823 561 2862 Ι

318 3002 360 3053 Ad
378 3003 451 3053 hunc
470 3002 609 3069 dialogum
627 3004 747 3054 Hutteui
764 3004 885 3074 Luciani
904 3002 1072 3069 declamatio
1091 3017 1151 3066 quoe
1175 3008 1205 3051 nt
1228 3003 1301 3067 apud
1318 3018 1367 3052 nos
1392 3001 1460 3065 (nisi
1480 3000 1547 3066 quod

251 3086 362 3136 Febrim
375 3087 396 3136 1.
410 3087 638 3153 interposuimus)
662 3089 842 3138 Huttenicnm
861 3084 1063 3138 Phalarismum
1081 3087 1228 3148 blisaulus,
1253 3089 1293 3136 ita
1317 3089 1346 3136 in
1364 3088 1484 3137 Lucianl
1504 3103 1545 3136 ex·

252 3171 349 3236 emplie
368 3172 527 3235 Tyrannum
546 3174 681 3238 sequitur,
707 3189 723 3222 a
741 3174 880 3223 Frobenio
898 3174 954 3223 iam
973 3171 1165 3222 commendata
1181 3171 1333 3221 lectoribus
1353 3167 1425 3235 Περὶ
1443 3170 1501 3221 τῶν
1518 3161 1548 3220 ἐν

250 3254 348 3321 μισθῷ
365 3252 522 3315 συνόντων,
542 3263 571 3306 01
583 3260 685 3307 Aeneae
699 3256 786 3320 Sylvii
799 3256 910 3307 libellus
929 3258 957 3306 in
977 3257 1072 3307 Indice
1090 3264 1184 3307 nostro
1202 3256 1329 3306 11111111.
1350 3257 1378 3305 in
1398 3256 1546 3306 1111101110-

251 3340 306 3389 tius
325 3339 481 3405 descriptus
499 3342 608 3392 utiliter
631 3343 865 3406 conparabuntur.
901 3358 934 3391 ex
959 3341 1008 3392 illa
1033 3342 1142 3405 quidem
1166 3345 1253 3390 totum
1271 3340 1384 3390 Mieauli
1408 3340 1547 3390 scribendi

251 3439 339 3490 genus
358 3428 385 3473 et
404 3425 484 3488 quael
508 3425 672 3490 adparatus,
701 3442 735 3475 ex
757 3426 809 3476 hoc
833 3427 920 3491 ipsius
944 3425 1162 3476 adumbrationis
1185 3440 1239 3474 non
1262 3423 1345 3475 nullus
1369 3432 1464 3490 partes
1489 3441 1548 3490 quaa

250 3507 345 3573 paullo
364 3510 517 3573 apertiores
537 3524 571 3558 ac
590 3509 649 3558 lere
674 3511 825 3560 crassiores
844 3526 926 3574 quam
943 3511 1128 3560 recentiorum
1147 3525 1250 3560 morum
1274 3508 1424 3574 eleganti-m
1446 3511 1546 3569 lerant,

251 3592 386 3642 mollioris
409 3593 490 3641 huius
514 3595 608 3654 aetatis
629 3594 785 3643 homiuibus
809 3596 898 3644 videri
916 3597 1035 3660 possint,
1064 3595 1232 3645 commodius
1255 3594 1413 3658 rectiusque
1438 3593 1547 3644 intelle·

251 3683 358 3743 geratur.
395 3678 436 3726 Ex
454 3676 578 3726 Athenaei
597 3678 832 3744 deipnosophistis
851 3679 996 3744 (imprimis
1009 3679 1055 3729 VI.
1069 3680 1111 3729 27.
1125 3679 1196 3744 sqq.)
1214 3678 1313 3739 multa,
1334 3684 1364 3726 ut
1383 3679 1418 3727 ad
1432 3677 1546 3742 exempl.

250 3767 274 3813 5.
294 3760 427 3811 nonnulla
439 3762 592 3827 supplevit,
613 3768 781 3829 sumpturum
795 3766 882 3814 fuisse
902 3771 1055 3824 auctorem,
1076 3765 1100 3814 si
1119 3780 1171 3828 quo
1184 3770 1307 3828 ternpore
1320 3763 1469 3813 Misaulum
1482 3765 1547 3813 scri·

249 3849 318 3912 psit,
348 3846 508 3896 adcuratins
532 3849 672 3912 cognitum
697 3849 849 3912 habuisset,
870 3850 938 3899 mihi
957 3849 1020 3898 dum
1038 3848 1137 3898 librum
1161 3863 1293 3898 recenseo
1316 3863 1477 3913 persuasum
1497 3854 1548 3898 est.

249 3933 336 3982 Miror
359 3932 444 3981 etiam
467 3936 524 3981 tum
542 3932 686 3983 Plutarchi
710 3936 935 3984 commentarium
959 3935 998 3983 De
1020 3935 1088 3983 adid.
1114 3933 1144 3994 (i.
1163 3948 1188 3984 e.
1207 3933 1348 3994 Quomodo
1367 3933 1496 3983 adulator
1513 3932 1547 3982 ab

250 4019 342 4068 amico
360 4019 511 4068 internosci
530 4018 629 4082 possit)
652 4023 709 4067 tum
728 4021 848 4069 Luciani
871 4020 905 4070 de
929 4019 1053 4083 parasito
1076 4017 1214 4082 dialogum
1238 4019 1285 4068 vix
1308 4017 1463 4067 adhibitum
1488 4032 1547 4068 esee

250 4102 285 4152 ab
304 4103 438 4153 Hutteno.
