<?xml version="1.0" encoding="UTF-8"?>
<!DOCTYPE html PUBLIC "-//W3C//DTD XHTML 1.0 Transitional//EN"
    "http://www.w3.org/TR/xhtml1/DTD/xhtml1-transitional.dtd">
<html xmlns="http://www.w3.org/1999/xhtml" xml:lang="en" lang="en">
 <head>
  <title>
</title>
<meta http-equiv="Content-Type" content="text/html;charset=utf-8" />
  <meta name='ocr-system' content='tesseract 3.04.00' />
  <meta name='ocr-capabilities' content='ocr_page ocr_carea ocr_par ocr_line ocrx_word'/>
</head>
<body>
  <div class='ocr_page' id='page_1' title='image "./ulrichihuttenie05huttgoog/ulrichihuttenie05huttgoog_0372.png"; bbox 0 0 3232 5422; ppageno 0'>
   <div class='ocr_carea' id='block_1_1' title="bbox 289 360 1330 450">
    <p class='ocr_par' dir='ltr' id='par_1_1' title="bbox 289 360 1330 450">
     <span class='ocr_line' id='line_1_1' title="bbox 289 360 1330 450; baseline -0.001 -14"><span class='ocrx_word' id='word_1_1' title='bbox 289 387 338 436; x_wconf 79' lang='lat' dir='ltr'><strong>XI.</strong></span> <span class='ocrx_word' id='word_1_2' title='bbox 408 402 568 445; x_wconf 69' lang='lat' dir='ltr'><strong>rsmnours.</strong></span> <span class='ocrx_word' id='word_1_3' title='bbox 638 402 776 437; x_wconf 80' lang='lat' dir='ltr'><strong>nranonva</strong></span> <span class='ocrx_word' id='word_1_4' title='bbox 796 360 1085 450; x_wconf 65' lang='lat' dir='ltr'><strong>summouentium.)</strong></span> <span class='ocrx_word' id='word_1_5' title='bbox 1258 373 1330 444; x_wconf 84' lang='lat'><strong>367</strong></span> 
     </span>
    </p>
   </div>
   <div class='ocr_carea' id='block_1_2' title="bbox 43 552 1430 2663">
    <p class='ocr_par' dir='ltr' id='par_1_2' title="bbox 43 552 1430 2663">
     <span class='ocr_line' id='line_1_2' title="bbox 101 552 1332 637; baseline 0.002 -23"><span class='ocrx_word' id='word_1_6' title='bbox 101 563 307 617; x_wconf 75' lang='lat' dir='ltr'><strong>rnaucrscvs.</strong></span> <span class='ocrx_word' id='word_1_7' title='bbox 345 553 381 613; x_wconf 88' lang='lat' dir='ltr'><strong>Et</strong></span> <span class='ocrx_word' id='word_1_8' title='bbox 408 556 437 614; x_wconf 94' lang='lat' dir='ltr'><strong>in</strong></span> <span class='ocrx_word' id='word_1_9' title='bbox 469 552 532 615; x_wconf 85' lang='lat' dir='ltr'><strong>aliis</strong></span> <span class='ocrx_word' id='word_1_10' title='bbox 560 561 628 615; x_wconf 86' lang='lat' dir='ltr'><strong>sunt</strong></span> <span class='ocrx_word' id='word_1_11' title='bbox 655 553 808 616; x_wconf 82' lang='lat' dir='ltr'>ordinibus</span> <span class='ocrx_word' id='word_1_12' title='bbox 830 554 922 616; x_wconf 86' lang='lat' dir='ltr'><strong>multo</strong></span> <span class='ocrx_word' id='word_1_13' title='bbox 944 555 1044 637; x_wconf 86' lang='lat' dir='ltr'><strong>plures</strong></span> <span class='ocrx_word' id='word_1_14' title='bbox 1066 555 1211 636; x_wconf 79' lang='lat' dir='ltr'><strong>longeque</strong></span> <span class='ocrx_word' id='word_1_15' title='bbox 1234 559 1332 636; x_wconf 86' lang='lat' dir='ltr'><strong>perni-</strong></span> 
     </span>
     <span class='ocr_line' id='line_1_3' title="bbox 43 656 192 715; baseline 0 0"><span class='ocrx_word' id='word_1_16' title='bbox 43 656 192 715; x_wconf 47' lang='lat' dir='ltr'><strong>:iosinrast</strong></span> 
     </span>
     <span class='ocr_line' id='line_1_4' title="bbox 101 755 1399 817; baseline 0 -1"><span class='ocrx_word' id='word_1_17' title='bbox 101 775 282 817; x_wconf 63' lang='lat' dir='ltr'><strong>macaron.</strong></span> <span class='ocrx_word' id='word_1_18' title='bbox 320 755 384 816; x_wconf 89' lang='lat' dir='ltr'><strong>Non</strong></span> <span class='ocrx_word' id='word_1_19' title='bbox 407 756 490 817; x_wconf 83' lang='lat' dir='ltr'><strong>rideo</strong></span> <span class='ocrx_word' id='word_1_20' title='bbox 512 755 562 817; x_wconf 93' lang='lat' dir='ltr'><strong>ubi</strong></span> <span class='ocrx_word' id='word_1_21' title='bbox 584 757 651 816; x_wconf 87' lang='lat' dir='ltr'><strong>sint.</strong></span> <span class='ocrx_word' id='word_1_22' title='bbox 1340 760 1399 810; x_wconf 63' lang='lat' dir='ltr'><strong>tw·</strong></span> 
     </span>
     <span class='ocr_line' id='line_1_5' title="bbox 102 855 1333 940; baseline 0.002 -22"><span class='ocrx_word' id='word_1_23' title='bbox 102 876 306 918; x_wconf 70' lang='lat' dir='ltr'><strong>rememora</strong></span> <span class='ocrx_word' id='word_1_24' title='bbox 337 855 512 917; x_wconf 88' lang='lat' dir='ltr'><strong>Ostendam·</strong></span> <span class='ocrx_word' id='word_1_25' title='bbox 528 859 656 935; x_wconf 91' lang='lat' dir='ltr'><strong>primum</strong></span> <span class='ocrx_word' id='word_1_26' title='bbox 671 865 770 920; x_wconf 85' lang='lat' dir='ltr'><strong>autem</strong></span> <span class='ocrx_word' id='word_1_27' title='bbox 787 858 905 920; x_wconf 72' lang='lat' dir='ltr'><strong>fatearis</strong></span> <span class='ocrx_word' id='word_1_28' title='bbox 919 877 1039 921; x_wconf 84' lang='lat' dir='ltr'><strong>neeesse</strong></span> <span class='ocrx_word' id='word_1_29' title='bbox 1055 867 1114 931; x_wconf 88' lang='lat' dir='ltr'><strong>est,</strong></span> <span class='ocrx_word' id='word_1_30' title='bbox 1137 862 1186 939; x_wconf 93' lang='lat' dir='ltr'><strong>qui</strong></span> <span class='ocrx_word' id='word_1_31' title='bbox 1202 863 1230 921; x_wconf 91' lang='lat' dir='ltr'><strong>in</strong></span> <span class='ocrx_word' id='word_1_32' title='bbox 1246 859 1333 940; x_wconf 77' lang='lat' dir='ltr'><strong>spiris</strong></span> 
     </span>
     <span class='ocr_line' id='line_1_6' title="bbox 43 957 1332 1043; baseline 0.004 -26"><span class='ocrx_word' id='word_1_33' title='bbox 43 966 69 1018; x_wconf 77' lang='lat' dir='ltr'><strong>at</strong></span> <span class='ocrx_word' id='word_1_34' title='bbox 93 960 174 1037; x_wconf 78' lang='lat' dir='ltr'><strong>agris</strong></span> <span class='ocrx_word' id='word_1_35' title='bbox 195 957 420 1028; x_wconf 82' lang='lat' dir='ltr'><strong>latrocinantur,</strong></span> <span class='ocrx_word' id='word_1_36' title='bbox 442 975 503 1018; x_wconf 90' lang='lat' dir='ltr'><strong>nou</strong></span> <span class='ocrx_word' id='word_1_37' title='bbox 526 977 628 1020; x_wconf 86' lang='lat' dir='ltr'><strong>omnes</strong></span> <span class='ocrx_word' id='word_1_38' title='bbox 650 977 715 1020; x_wconf 85' lang='lat' dir='ltr'><strong>osse</strong></span> <span class='ocrx_word' id='word_1_39' title='bbox 737 962 863 1038; x_wconf 80' lang='lat' dir='ltr'><strong>equites:</strong></span> <span class='ocrx_word' id='word_1_40' title='bbox 887 979 954 1021; x_wconf 93' lang='lat' dir='ltr'><strong>nam</strong></span> <span class='ocrx_word' id='word_1_41' title='bbox 977 965 1010 1021; x_wconf 81' lang='lat' dir='ltr'><strong>ut&#39;</strong></span> <span class='ocrx_word' id='word_1_42' title='bbox 1023 961 1159 1039; x_wconf 82' lang='lat' dir='ltr'><strong>prodiga·</strong></span> <span class='ocrx_word' id='word_1_43' title='bbox 1182 960 1317 1043; x_wconf 52' lang='lat' dir='ltr'><strong>{iffi</strong></span> <span class='ocrx_word' id='word_1_44' title='bbox 1271 959 1332 995; x_wconf 76' lang='lat'><strong>“¹¹¹</strong></span> 
     </span>
     <span class='ocr_line' id='line_1_7' title="bbox 43 1059 1329 1140; baseline 0.002 -21"><span class='ocrx_word' id='word_1_45' title='bbox 43 1059 169 1119; x_wconf 76' lang='lat' dir='ltr'><strong>issimus</strong></span> <span class='ocrx_word' id='word_1_46' title='bbox 191 1059 315 1137; x_wconf 90' lang='lat' dir='ltr'><strong>quisquo</strong></span> <span class='ocrx_word' id='word_1_47' title='bbox 337 1066 382 1118; x_wconf 81' lang='lat' dir='ltr'><strong>est</strong></span> <span class='ocrx_word' id='word_1_48' title='bbox 396 1066 425 1119; x_wconf 91' lang='lat' dir='ltr'><strong>et</strong></span> <span class='ocrx_word' id='word_1_49' title='bbox 439 1076 556 1120; x_wconf 90' lang='lat' dir='ltr'><strong>summe</strong></span> <span class='ocrx_word' id='word_1_50' title='bbox 571 1060 760 1140; x_wconf 87' lang='lat' dir='ltr'><strong>desperatus,</strong></span> <span class='ocrx_word' id='word_1_51' title='bbox 784 1062 822 1121; x_wconf 84' lang='lat' dir='ltr'><strong>ita</strong></span> <span class='ocrx_word' id='word_1_52' title='bbox 839 1060 975 1123; x_wconf 79' lang='lat' dir='ltr'><strong>facillime</strong></span> <span class='ocrx_word' id='word_1_53' title='bbox 991 1062 1100 1139; x_wconf 79' lang='lat' dir='ltr'><strong>flagitio</strong></span> <span class='ocrx_word' id='word_1_54' title='bbox 1115 1080 1180 1123; x_wconf 86' lang='lat' dir='ltr'><strong>sese</strong></span> <span class='ocrx_word' id='word_1_55' title='bbox 1195 1064 1329 1139; x_wconf 82' lang='lat' dir='ltr'><strong>accingit</strong></span> 
     </span>
     <span class='ocr_line' id='line_1_8' title="bbox 102 1152 1430 1241; baseline 0.002 -21"><span class='ocrx_word' id='word_1_56' title='bbox 102 1179 281 1229; x_wconf 66' lang='lat' dir='ltr'><strong>macaron.</strong></span> <span class='ocrx_word' id='word_1_57' title='bbox 318 1160 476 1238; x_wconf 77' lang='lat' dir='ltr'><strong>Atprima</strong></span> <span class='ocrx_word' id='word_1_58' title='bbox 490 1160 543 1222; x_wconf 70' lang='lat' dir='ltr'><strong>-de</strong></span> <span class='ocrx_word' id='word_1_59' title='bbox 570 1161 653 1222; x_wconf 84' lang='lat' dir='ltr'><strong>robis</strong></span> <span class='ocrx_word' id='word_1_60' title='bbox 675 1169 704 1222; x_wconf 91' lang='lat' dir='ltr'><strong>et</strong></span> <span class='ocrx_word' id='word_1_61' title='bbox 730 1164 871 1231; x_wconf 82' lang='lat' dir='ltr'><strong>maxima,</strong></span> <span class='ocrx_word' id='word_1_62' title='bbox 901 1152 1021 1241; x_wconf 76' lang='lat' dir='ltr'><strong>quoties·</strong></span> <span class='ocrx_word' id='word_1_63' title='bbox 1038 1163 1096 1224; x_wconf 87' lang='lat' dir='ltr'><strong>tale</strong></span> <span class='ocrx_word' id='word_1_64' title='bbox 1119 1163 1267 1241; x_wconf 82' lang='lat' dir='ltr'>quidpiam</span> <span class='ocrx_word' id='word_1_65' title='bbox 1289 1165 1330 1232; x_wconf 83' lang='lat' dir='ltr'><strong>iit,</strong></span> <span class='ocrx_word' id='word_1_66' title='bbox 1428 1170 1430 1174; x_wconf 83' lang='grc'><strong>’</strong></span> 
     </span>
     <span class='ocr_line' id='line_1_9' title="bbox 43 1252 1332 1350; baseline 0.002 -31"><span class='ocrx_word' id='word_1_67' title='bbox 43 1263 170 1342; x_wconf 60' lang='lat' dir='ltr'><strong>auspicio</strong></span> <span class='ocrx_word' id='word_1_68' title='bbox 193 1269 252 1330; x_wconf 88' lang='lat' dir='ltr'><strong>est,</strong></span> <span class='ocrx_word' id='word_1_69' title='bbox 275 1268 304 1322; x_wconf 87' lang='lat' dir='ltr'><strong>et</strong></span> <span class='ocrx_word' id='word_1_70' title='bbox 326 1279 381 1321; x_wconf 87' lang='lat' dir='ltr'><strong>nos</strong></span> <span class='ocrx_word' id='word_1_71' title='bbox 402 1261 558 1344; x_wconf 73' lang='lat' dir='ltr'><strong>praedones</strong></span> <span class='ocrx_word' id='word_1_72' title='bbox 580 1281 718 1324; x_wconf 83' lang='lat' dir='ltr'><strong>vocamus</strong></span> <span class='ocrx_word' id='word_1_73' title='bbox 739 1263 868 1343; x_wconf 79' lang='lat' dir='ltr'><strong>Equites.</strong></span> <span class='ocrx_word' id='word_1_74' title='bbox 960 1346 962 1348; x_wconf 6' lang='lat' dir='ltr'>V</span> <span class='ocrx_word' id='word_1_75' title='bbox 1193 1252 1207 1322; x_wconf 85' lang='lat' dir='ltr'><strong>i</strong></span> <span class='ocrx_word' id='word_1_76' title='bbox 1226 1263 1332 1350; x_wconf 68' lang='grc' dir='ltr'><strong>ξξξξξξξω</strong></span> 
     </span>
     <span class='ocr_line' id='line_1_10' title="bbox 76 1361 1199 1432; baseline -0.012 -4"><span class='ocrx_word' id='word_1_77' title='bbox 76 1381 306 1428; x_wconf 73' lang='lat' dir='ltr'><strong>‚nancisovs</strong></span> <span class='ocrx_word' id='word_1_78' title='bbox 344 1361 401 1432; x_wconf 86' lang='lat' dir='ltr'><strong>Oui</strong></span> <span class='ocrx_word' id='word_1_79' title='bbox 423 1362 492 1423; x_wconf 77' lang='lat' dir='ltr'><strong>rosi</strong></span> <span class='ocrx_word' id='word_1_80' title='bbox 1195 1366 1199 1388; x_wconf 75' lang='lat'><em>³</em></span> 
     </span>
     <span class='ocr_line' id='line_1_11' title="bbox 105 1458 1138 1549; baseline -0.001 -23"><span class='ocrx_word' id='word_1_81' title='bbox 105 1458 285 1526; x_wconf 73' lang='lat' dir='ltr'><strong>nncaron.</strong></span> <span class='ocrx_word' id='word_1_82' title='bbox 322 1465 378 1535; x_wconf 83' lang='lat' dir='ltr'><strong>Qui</strong></span> <span class='ocrx_word' id='word_1_83' title='bbox 400 1465 525 1525; x_wconf 83' lang='lat' dir='ltr'><strong>maxime</strong></span> <span class='ocrx_word' id='word_1_84' title='bbox 547 1463 715 1549; x_wconf 85' lang='lat' dir='ltr'><strong>diripimur,</strong></span> <span class='ocrx_word' id='word_1_85' title='bbox 739 1465 926 1527; x_wconf 81' lang='lat' dir='ltr'><strong>Mercatorea.</strong></span> <span class='ocrx_word' id='word_1_86' title='bbox 1030 1520 1032 1524; x_wconf 75' lang='grc'><strong>,</strong></span> <span class='ocrx_word' id='word_1_87' title='bbox 1136 1477 1138 1484; x_wconf 68' lang='grc'><strong>“</strong></span> 
     </span>
     <span class='ocr_line' id='line_1_12' title="bbox 99 1564 1328 1647; baseline 0 -20"><span class='ocrx_word' id='word_1_88' title='bbox 99 1569 302 1627; x_wconf 76' lang='lat' dir='ltr'><strong>rnaumscvs.</strong></span> <span class='ocrx_word' id='word_1_89' title='bbox 340 1564 501 1645; x_wconf 86' lang='lat' dir='ltr'><strong>Nunquam·</strong></span> <span class='ocrx_word' id='word_1_90' title='bbox 525 1583 581 1643; x_wconf 81' lang='lat' dir='ltr'><strong>ego</strong></span> <span class='ocrx_word' id='word_1_91' title='bbox 604 1566 720 1644; x_wconf 88' lang='lat' dir='ltr'><strong>quidem</strong></span> <span class='ocrx_word' id='word_1_92' title='bbox 742 1569 785 1628; x_wconf 85' lang='lat' dir='ltr'><strong>sie</strong></span> <span class='ocrx_word' id='word_1_93' title='bbox 806 1565 958 1646; x_wconf 83' lang='lat' dir='ltr'><strong>loquutum</strong></span> <span class='ocrx_word' id='word_1_94' title='bbox 981 1574 1088 1647; x_wconf 82' lang='lat' dir='ltr'><strong>praeter</strong></span> <span class='ocrx_word' id='word_1_95' title='bbox 1111 1575 1140 1629; x_wconf 90' lang='lat' dir='ltr'><strong>te</strong></span> <span class='ocrx_word' id='word_1_96' title='bbox 1163 1569 1328 1647; x_wconf 82' lang='lat' dir='ltr'><strong>quempiam</strong></span> 
     </span>
     <span class='ocr_line' id='line_1_13' title="bbox 43 1656 1398 1748; baseline 0.004 -23"><span class='ocrx_word' id='word_1_97' title='bbox 43 1668 128 1729; x_wconf 80' lang='lat' dir='ltr'><strong>rostri</strong></span> <span class='ocrx_word' id='word_1_98' title='bbox 150 1666 263 1726; x_wconf 83' lang='lat' dir='ltr'><strong>ordinis</strong></span> <span class='ocrx_word' id='word_1_99' title='bbox 285 1665 389 1726; x_wconf 83' lang='lat' dir='ltr'><strong>audiri.</strong></span> <span class='ocrx_word' id='word_1_100' title='bbox 434 1661 635 1727; x_wconf 83' lang='lat' dir='ltr'><strong>verumtamen</strong></span> <span class='ocrx_word' id='word_1_101' title='bbox 664 1668 711 1728; x_wconf 87' lang='lat' dir='ltr'><strong>dio</strong></span> <span class='ocrx_word' id='word_1_102' title='bbox 738 1656 823 1737; x_wconf 85' lang='lat' dir='ltr'><strong>mihi,</strong></span> <span class='ocrx_word' id='word_1_103' title='bbox 854 1686 982 1747; x_wconf 91' lang='lat' dir='ltr'><strong>unquam</strong></span> <span class='ocrx_word' id='word_1_104' title='bbox 1005 1669 1108 1748; x_wconf 86' lang='lat' dir='ltr'><strong>aliquis</strong></span> <span class='ocrx_word' id='word_1_105' title='bbox 1131 1676 1159 1730; x_wconf 88' lang='lat' dir='ltr'><strong>te</strong></span> <span class='ocrx_word' id='word_1_106' title='bbox 1182 1670 1398 1748; x_wconf 75' lang='lat' dir='ltr'><strong>praedatustao.</strong></span> 
     </span>
     <span class='ocr_line' id='line_1_14' title="bbox 43 1768 221 1847; baseline -0.028 -15"><span class='ocrx_word' id='word_1_107' title='bbox 43 1777 81 1832; x_wconf 76' lang='lat' dir='ltr'><strong>,st</strong></span> <span class='ocrx_word' id='word_1_108' title='bbox 103 1768 221 1847; x_wconf 73' lang='lat' dir='ltr'><strong>Eques?</strong></span> 
     </span>
     <span class='ocr_line' id='line_1_15' title="bbox 78 1867 1328 1949; baseline 0.001 -18"><span class='ocrx_word' id='word_1_109' title='bbox 78 1882 259 1931; x_wconf 67' lang='lat' dir='ltr'><strong>uncinos.</strong></span> <span class='ocrx_word' id='word_1_110' title='bbox 297 1867 453 1947; x_wconf 81' lang='lat' dir='ltr'><strong>Nunquam</strong></span> <span class='ocrx_word' id='word_1_111' title='bbox 475 1868 594 1948; x_wconf 84' lang='lat' dir='ltr'><strong>aliquis,</strong></span> <span class='ocrx_word' id='word_1_112' title='bbox 617 1869 679 1931; x_wconf 87' lang='lat' dir='ltr'><strong>sed.</strong></span> <span class='ocrx_word' id='word_1_113' title='bbox 692 1869 775 1931; x_wconf 93' lang='lat' dir='ltr'><strong>timui</strong></span> <span class='ocrx_word' id='word_1_114' title='bbox 796 1887 928 1948; x_wconf 86' lang='lat' dir='ltr'><strong>semper,</strong></span> <span class='ocrx_word' id='word_1_115' title='bbox 953 1879 989 1931; x_wconf 89' lang='lat' dir='ltr'><strong>et·</strong></span> <span class='ocrx_word' id='word_1_116' title='bbox 1002 1871 1124 1932; x_wconf 76' lang='lat' dir='ltr'><strong>infestos</strong></span> <span class='ocrx_word' id='word_1_117' title='bbox 1138 1870 1234 1931; x_wconf 88' lang='lat' dir='ltr'><strong>habeo</strong></span> <span class='ocrx_word' id='word_1_118' title='bbox 1250 1872 1328 1949; x_wconf 91' lang='lat' dir='ltr'><strong>quod</strong></span> 
     </span>
     <span class='ocr_line' id='line_1_16' title="bbox 43 1969 1200 2050; baseline -0.001 -18"><span class='ocrx_word' id='word_1_119' title='bbox 43 1972 95 2032; x_wconf 82' lang='lat' dir='ltr'><strong>ridi</strong></span> <span class='ocrx_word' id='word_1_120' title='bbox 112 1969 296 2050; x_wconf 79' lang='lat' dir='ltr'><strong>exspoliatos</strong></span> <span class='ocrx_word' id='word_1_121' title='bbox 318 1989 333 2029; x_wconf 95' lang='lat' dir='ltr'><strong>a</strong></span> <span class='ocrx_word' id='word_1_122' title='bbox 358 1969 439 2044; x_wconf 80' lang='lat' dir='ltr'><strong>vohis</strong></span> <span class='ocrx_word' id='word_1_123' title='bbox 460 1969 583 2040; x_wconf 89' lang='lat' dir='ltr'><strong>multos,</strong></span> <span class='ocrx_word' id='word_1_124' title='bbox 607 1972 734 2031; x_wconf 80' lang='lat' dir='ltr'><strong>etfama</strong></span> <span class='ocrx_word' id='word_1_125' title='bbox 757 1981 802 2032; x_wconf 84' lang='lat' dir='ltr'><strong>est</strong></span> <span class='ocrx_word' id='word_1_126' title='bbox 823 1971 881 2032; x_wconf 89' lang='lat' dir='ltr'><strong>hoo</strong></span> <span class='ocrx_word' id='word_1_127' title='bbox 902 1989 953 2031; x_wconf 86' lang='lat' dir='ltr'><strong>vos</strong></span> <span class='ocrx_word' id='word_1_128' title='bbox 975 1971 1070 2032; x_wconf 88' lang='lat' dir='ltr'><strong>solere</strong></span> <span class='ocrx_word' id='word_1_129' title='bbox 1093 1974 1200 2033; x_wconf 81' lang='lat' dir='ltr'><strong>iacere.</strong></span> 
     </span>
     <span class='ocr_line' id='line_1_17' title="bbox 100 2070 1329 2153; baseline 0 -18"><span class='ocrx_word' id='word_1_130' title='bbox 100 2090 302 2135; x_wconf 72' lang='lat' dir='ltr'><strong>rmorsnva.</strong></span> <span class='ocrx_word' id='word_1_131' title='bbox 341 2070 426 2141; x_wconf 83' lang='lat' dir='ltr'><strong>Quod</strong></span> <span class='ocrx_word' id='word_1_132' title='bbox 449 2070 584 2149; x_wconf 89' lang='lat' dir='ltr'><strong>equidem</strong></span> <span class='ocrx_word' id='word_1_133' title='bbox 607 2073 700 2131; x_wconf 92' lang='lat' dir='ltr'><strong>miror</strong></span> <span class='ocrx_word' id='word_1_134' title='bbox 721 2071 767 2153; x_wconf 74' lang='lat' dir='ltr'><strong>iris</strong></span> <span class='ocrx_word' id='word_1_135' title='bbox 788 2072 896 2132; x_wconf 89' lang='lat' dir='ltr'><strong>talibus</strong></span> <span class='ocrx_word' id='word_1_136' title='bbox 917 2072 1078 2142; x_wconf 82' lang='lat' dir='ltr'><strong>maledictis</strong></span> <span class='ocrx_word' id='word_1_137' title='bbox 1100 2074 1234 2134; x_wconf 86' lang='lat' dir='ltr'><strong>ordinem</strong></span> <span class='ocrx_word' id='word_1_138' title='bbox 1251 2074 1329 2135; x_wconf 87' lang='lat' dir='ltr'><strong>hune</strong></span> 
     </span>
     <span class='ocr_line' id='line_1_18' title="bbox 43 2163 1328 2254; baseline 0.003 -22"><span class='ocrx_word' id='word_1_139' title='bbox 43 2191 190 2235; x_wconf 66' lang='lat' dir='ltr'><strong>,neessere</strong></span> <span class='ocrx_word' id='word_1_140' title='bbox 206 2179 249 2242; x_wconf 85' lang='lat' dir='ltr'><strong>te,</strong></span> <span class='ocrx_word' id='word_1_141' title='bbox 272 2190 369 2251; x_wconf 87' lang='lat' dir='ltr'><strong>neque</strong></span> <span class='ocrx_word' id='word_1_142' title='bbox 384 2189 503 2250; x_wconf 86' lang='lat' dir='ltr'><strong>passum</strong></span> <span class='ocrx_word' id='word_1_143' title='bbox 525 2172 593 2233; x_wconf 91' lang='lat' dir='ltr'><strong>inde</strong></span> <span class='ocrx_word' id='word_1_144' title='bbox 615 2171 684 2233; x_wconf 88' lang='lat' dir='ltr'><strong>maii</strong></span> <span class='ocrx_word' id='word_1_145' title='bbox 707 2163 856 2252; x_wconf 88' lang='lat' dir='ltr'><strong>quidpiam</strong></span> <span class='ocrx_word' id='word_1_146' title='bbox 878 2192 975 2252; x_wconf 90' lang='lat' dir='ltr'><strong>neque</strong></span> <span class='ocrx_word' id='word_1_147' title='bbox 996 2181 1114 2254; x_wconf 86' lang='lat' dir='ltr'><strong>sumpto</strong></span> <span class='ocrx_word' id='word_1_148' title='bbox 1130 2176 1236 2236; x_wconf 83' lang='lat' dir='ltr'><strong>nisiex</strong></span> <span class='ocrx_word' id='word_1_149' title='bbox 1252 2176 1328 2236; x_wconf 80' lang='lat' dir='ltr'><strong>sama</strong></span> 
     </span>
     <span class='ocr_line' id='line_1_19' title="bbox 43 2258 1329 2361; baseline 0.001 -25"><span class='ocrx_word' id='word_1_150' title='bbox 43 2258 229 2354; x_wconf 79' lang='lat' dir='ltr'><strong>rrgnmeuto:</strong></span> <span class='ocrx_word' id='word_1_151' title='bbox 262 2290 330 2361; x_wconf 85' lang='lat' dir='ltr'><strong>narn</strong></span> <span class='ocrx_word' id='word_1_152' title='bbox 350 2272 439 2350; x_wconf 88' lang='lat' dir='ltr'><strong>&#39;quid</strong></span> <span class='ocrx_word' id='word_1_153' title='bbox 473 2291 533 2333; x_wconf 91' lang='lat' dir='ltr'><strong>non</strong></span> <span class='ocrx_word' id='word_1_154' title='bbox 565 2275 676 2334; x_wconf 85' lang='lat' dir='ltr'><strong>vereris</strong></span> <span class='ocrx_word' id='word_1_155' title='bbox 709 2281 767 2334; x_wconf 90' lang='lat' dir='ltr'><strong>tam</strong></span> <span class='ocrx_word' id='word_1_156' title='bbox 800 2274 879 2335; x_wconf 88' lang='lat' dir='ltr'><strong>nulla</strong></span> <span class='ocrx_word' id='word_1_157' title='bbox 907 2275 944 2336; x_wconf 85' lang='lat' dir='ltr'><strong>de</strong></span> <span class='ocrx_word' id='word_1_158' title='bbox 973 2292 1075 2336; x_wconf 79' lang='lat' dir='ltr'><strong>caussa</strong></span> <span class='ocrx_word' id='word_1_159' title='bbox 1104 2277 1199 2341; x_wconf 88' lang='lat' dir='ltr'><strong>ordini</strong></span> <span class='ocrx_word' id='word_1_160' title='bbox 1229 2277 1329 2337; x_wconf 87' lang='lat' dir='ltr'><strong>elaris·</strong></span> 
     </span>
     <span class='ocr_line' id='line_1_20' title="bbox 43 2372 1328 2457; baseline 0.001 -20"><span class='ocrx_word' id='word_1_161' title='bbox 43 2379 113 2437; x_wconf 74' lang='lat' dir='ltr'><strong>timo</strong></span> <span class='ocrx_word' id='word_1_162' title='bbox 137 2372 346 2437; x_wconf 89' lang='lat' dir='ltr'><strong>contumeliam</strong></span> <span class='ocrx_word' id='word_1_163' title='bbox 367 2374 480 2443; x_wconf 85' lang='lat' dir='ltr'><strong>faeere,</strong></span> <span class='ocrx_word' id='word_1_164' title='bbox 503 2381 591 2454; x_wconf 88' lang='lat' dir='ltr'><strong>teque</strong></span> <span class='ocrx_word' id='word_1_165' title='bbox 613 2373 691 2435; x_wconf 88' lang='lat' dir='ltr'><strong>ultro</strong></span> <span class='ocrx_word' id='word_1_166' title='bbox 714 2375 847 2437; x_wconf 92' lang='lat' dir='ltr'><strong>odiosum</strong></span> <span class='ocrx_word' id='word_1_167' title='bbox 870 2376 996 2437; x_wconf 83' lang='lat' dir='ltr'><strong>reddere</strong></span> <span class='ocrx_word' id='word_1_168' title='bbox 1018 2396 1053 2438; x_wconf 92' lang='lat' dir='ltr'><strong>ao</strong></span> <span class='ocrx_word' id='word_1_169' title='bbox 1075 2377 1236 2438; x_wconf 74' lang='lat' dir='ltr'><strong>infestum?</strong></span> <span class='ocrx_word' id='word_1_170' title='bbox 1259 2380 1328 2457; x_wconf 91' lang='lat' dir='ltr'><strong>quin</strong></span> 
     </span>
     <span class='ocr_line' id='line_1_21' title="bbox 43 2474 1328 2568; baseline 0.001 -30"><span class='ocrx_word' id='word_1_171' title='bbox 43 2481 218 2556; x_wconf 77' lang='lat' dir='ltr'><strong>potiusnon</strong></span> <span class='ocrx_word' id='word_1_172' title='bbox 240 2475 315 2537; x_wconf 90' lang='lat' dir='ltr'><strong>aden</strong></span> <span class='ocrx_word' id='word_1_173' title='bbox 337 2481 449 2536; x_wconf 88' lang='lat' dir='ltr'><strong>temere</strong></span> <span class='ocrx_word' id='word_1_174' title='bbox 470 2474 560 2536; x_wconf 85' lang='lat' dir='ltr'><strong>verba</strong></span> <span class='ocrx_word' id='word_1_175' title='bbox 582 2477 704 2554; x_wconf 87' lang='lat' dir='ltr'><strong>posthac</strong></span> <span class='ocrx_word' id='word_1_176' title='bbox 727 2477 866 2547; x_wconf 82' lang='lat' dir='ltr'><strong>edundis,</strong></span> <span class='ocrx_word' id='word_1_177' title='bbox 890 2485 977 2558; x_wconf 89' lang='lat' dir='ltr'><strong>atque</strong></span> <span class='ocrx_word' id='word_1_178' title='bbox 986 2480 1076 2552; x_wconf 62' lang='lat' dir='ltr'><strong>,istam</strong></span> <span class='ocrx_word' id='word_1_179' title='bbox 1092 2474 1239 2568; x_wconf 81' lang='lat' dir='ltr'><strong>temperas</strong></span> <span class='ocrx_word' id='word_1_180' title='bbox 1253 2497 1328 2557; x_wconf 69' lang='lat' dir='ltr'><strong>prae·</strong></span> 
     </span>
     <span class='ocr_line' id='line_1_22' title="bbox 43 2575 1325 2663; baseline -0.002 -23"><span class='ocrx_word' id='word_1_181' title='bbox 43 2587 186 2640; x_wconf 75' lang='lat' dir='ltr'><strong>›osteram</strong></span> <span class='ocrx_word' id='word_1_182' title='bbox 207 2586 289 2638; x_wconf 88' lang='lat' dir='ltr'><strong>tuam</strong></span> <span class='ocrx_word' id='word_1_183' title='bbox 311 2575 450 2654; x_wconf 86' lang='lat' dir='ltr'><strong>loquendi</strong></span> <span class='ocrx_word' id='word_1_184' title='bbox 471 2575 651 2653; x_wconf 87' lang='lat' dir='ltr'><strong>libertatem.</strong></span> <span class='ocrx_word' id='word_1_185' title='bbox 682 2596 799 2657; x_wconf 88' lang='lat' dir='ltr'><strong>semper</strong></span> <span class='ocrx_word' id='word_1_186' title='bbox 822 2580 898 2639; x_wconf 89' lang='lat' dir='ltr'><strong>enim</strong></span> <span class='ocrx_word' id='word_1_187' title='bbox 922 2580 979 2639; x_wconf 83' lang='lat' dir='ltr'><strong>et</strong></span> <span class='ocrx_word' id='word_1_188' title='bbox 971 2597 1001 2639; x_wconf 90' lang='grc' dir='ltr'><strong>ιιι</strong></span> <span class='ocrx_word' id='word_1_189' title='bbox 1024 2581 1118 2639; x_wconf 90' lang='lat' dir='ltr'><strong>omni·</strong></span> <span class='ocrx_word' id='word_1_190' title='bbox 1140 2577 1199 2663; x_wconf 70' lang='grc' dir='ltr'>Ιξξξ</span> <span class='ocrx_word' id='word_1_191' title='bbox 1199 2587 1234 2655; x_wconf 74' lang='grc' dir='ltr'><strong>ξ,</strong></span> <span class='ocrx_word' id='word_1_192' title='bbox 1235 2579 1325 2655; x_wconf 56' lang='lat' dir='ltr'><strong>1²„ss</strong></span> 
     </span>
    </p>
   </div>
   <div class='ocr_carea' id='block_1_3' title="bbox 43 2677 1500 2758">
    <p class='ocr_par' dir='ltr' id='par_1_3' title="bbox 43 2677 1500 2758">
     <span class='ocr_line' id='line_1_23' title="bbox 43 2677 1500 2758; baseline -0.001 -17"><span class='ocrx_word' id='word_1_193' title='bbox 43 2699 93 2741; x_wconf 75' lang='lat' dir='ltr'><strong>ius</strong></span> <span class='ocrx_word' id='word_1_194' title='bbox 115 2679 243 2758; x_wconf 78' lang='lat' dir='ltr'><strong>graviter</strong></span> <span class='ocrx_word' id='word_1_195' title='bbox 272 2677 420 2755; x_wconf 86' lang='lat' dir='ltr'><strong>punienda</strong></span> <span class='ocrx_word' id='word_1_196' title='bbox 448 2677 503 2738; x_wconf 82' lang='lat' dir='ltr'><strong>tuit</strong></span> <span class='ocrx_word' id='word_1_197' title='bbox 530 2677 636 2739; x_wconf 87' lang='lat' dir='ltr'><strong>levium</strong></span> <span class='ocrx_word' id='word_1_198' title='bbox 666 2678 824 2740; x_wconf 85' lang='lat' dir='ltr'><strong>verborum</strong></span> <span class='ocrx_word' id='word_1_199' title='bbox 852 2682 1025 2758; x_wconf 78' lang='lat' dir='ltr'><strong>procacitas</strong></span> <span class='ocrx_word' id='word_1_200' title='bbox 1071 2680 1157 2741; x_wconf 90' lang='lat' dir='ltr'><strong>Sed</strong></span> <span class='ocrx_word' id='word_1_201' title='bbox 1150 2700 1207 2741; x_wconf 86' lang='lat' dir='ltr'><strong>iam</strong></span> <span class='ocrx_word' id='word_1_202' title='bbox 1230 2689 1325 2742; x_wconf 85' lang='lat' dir='ltr'><strong>osten·</strong></span> <span class='ocrx_word' id='word_1_203' title='bbox 1337 2691 1396 2739; x_wconf 76' lang='lat' dir='ltr'><strong>tu.</strong></span> <span class='ocrx_word' id='word_1_204' title='bbox 1494 2744 1500 2751; x_wconf 65' lang='grc'><strong>,</strong></span> 
     </span>
    </p>
   </div>
   <div class='ocr_carea' id='block_1_4' title="bbox 43 2777 1395 4475">
    <p class='ocr_par' dir='ltr' id='par_1_4' title="bbox 43 2777 1384 3246">
     <span class='ocr_line' id='line_1_24' title="bbox 43 2777 1270 2859; baseline 0.002 -17"><span class='ocrx_word' id='word_1_205' title='bbox 43 2782 124 2850; x_wconf 85' lang='lat' dir='ltr'><strong>iam,</strong></span> <span class='ocrx_word' id='word_1_206' title='bbox 145 2781 204 2859; x_wconf 92' lang='lat' dir='ltr'><strong>qui</strong></span> <span class='ocrx_word' id='word_1_207' title='bbox 217 2780 276 2839; x_wconf 87' lang='lat' dir='ltr'><strong>sint</strong></span> <span class='ocrx_word' id='word_1_208' title='bbox 297 2777 365 2839; x_wconf 89' lang='lat' dir='ltr'><strong>alibi</strong></span> <span class='ocrx_word' id='word_1_209' title='bbox 387 2778 551 2857; x_wconf 75' lang='lat' dir='ltr'><strong>predones.</strong></span> <span class='ocrx_word' id='word_1_210' title='bbox 1258 2833 1270 2844; x_wconf 84' lang='grc'><strong><em>,</em></strong></span> 
     </span>
     <span class='ocr_line' id='line_1_25' title="bbox 100 2848 1328 2962; baseline -0.001 -19"><span class='ocrx_word' id='word_1_211' title='bbox 100 2901 278 2943; x_wconf 65' lang='lat' dir='ltr'><strong>macaron.</strong></span> <span class='ocrx_word' id='word_1_212' title='bbox 315 2882 401 2941; x_wconf 81' lang='lat' dir='ltr'><strong>l’rius</strong></span> <span class='ocrx_word' id='word_1_213' title='bbox 423 2879 460 2940; x_wconf 90' lang='lat' dir='ltr'><strong>da</strong></span> <span class='ocrx_word' id='word_1_214' title='bbox 483 2882 605 2950; x_wconf 84' lang='lat' dir='ltr'><strong>veniam,</strong></span> <span class='ocrx_word' id='word_1_215' title='bbox 628 2880 806 2962; x_wconf 90' lang='lat' dir='ltr'><strong>Imperator,</strong></span> <span class='ocrx_word' id='word_1_216' title='bbox 830 2882 915 2951; x_wconf 86' lang='lat' dir='ltr'><strong>mihi,</strong></span> <span class='ocrx_word' id='word_1_217' title='bbox 939 2883 1019 2960; x_wconf 90' lang='lat' dir='ltr'><strong>quod</strong></span> <span class='ocrx_word' id='word_1_218' title='bbox 1041 2848 1223 2960; x_wconf 76' lang='lat' dir='ltr'><strong>peccaverim</strong></span> <span class='ocrx_word' id='word_1_219' title='bbox 1247 2884 1275 2942; x_wconf 94' lang='lat' dir='ltr'><strong>in</strong></span> <span class='ocrx_word' id='word_1_220' title='bbox 1300 2889 1328 2942; x_wconf 87' lang='lat' dir='ltr'><strong>te</strong></span> 
     </span>
     <span class='ocr_line' id='line_1_26' title="bbox 43 2980 1384 3060; baseline -0.001 -16"><span class='ocrx_word' id='word_1_221' title='bbox 43 2985 104 3044; x_wconf 82' lang='lat' dir='ltr'><strong>rio:</strong></span> <span class='ocrx_word' id='word_1_222' title='bbox 127 3001 197 3043; x_wconf 91' lang='lat' dir='ltr'><strong>nam</strong></span> <span class='ocrx_word' id='word_1_223' title='bbox 218 2981 361 3059; x_wconf 80' lang='lat' dir='ltr'><strong>resipisco</strong></span> <span class='ocrx_word' id='word_1_224' title='bbox 385 2982 458 3051; x_wconf 89' lang='lat' dir='ltr'><strong>iam,</strong></span> <span class='ocrx_word' id='word_1_225' title='bbox 482 2999 585 3042; x_wconf 88' lang='lat' dir='ltr'><strong>errore</strong></span> <span class='ocrx_word' id='word_1_226' title='bbox 607 2984 714 3060; x_wconf 81' lang='lat' dir='ltr'><strong>agnito.</strong></span> <span class='ocrx_word' id='word_1_227' title='bbox 1379 2980 1384 2993; x_wconf 76' lang='grc'><strong>“</strong></span> 
     </span>
     <span class='ocr_line' id='line_1_27' title="bbox 99 3053 1326 3163; baseline 0.001 -19"><span class='ocrx_word' id='word_1_228' title='bbox 99 3101 301 3144; x_wconf 74' lang='lat' dir='ltr'><strong>rnnumsevs</strong></span> <span class='ocrx_word' id='word_1_229' title='bbox 340 3082 484 3162; x_wconf 86' lang='lat' dir='ltr'><strong>Equidem</strong></span> <span class='ocrx_word' id='word_1_230' title='bbox 513 3082 566 3152; x_wconf 95' lang='lat' dir='ltr'><strong>do,</strong></span> <span class='ocrx_word' id='word_1_231' title='bbox 597 3090 685 3162; x_wconf 87' lang='lat' dir='ltr'><strong>atque</strong></span> <span class='ocrx_word' id='word_1_232' title='bbox 714 3085 738 3143; x_wconf 90' lang='lat' dir='ltr'><strong>is</strong></span> <span class='ocrx_word' id='word_1_233' title='bbox 766 3086 853 3145; x_wconf 86' lang='lat' dir='ltr'><strong>etiam</strong></span> <span class='ocrx_word' id='word_1_234' title='bbox 881 3083 1045 3145; x_wconf 83' lang='lat' dir='ltr'><strong>redibitio</strong></span> <span class='ocrx_word' id='word_1_235' title='bbox 1077 3085 1204 3163; x_wconf 83' lang='lat' dir='ltr'><strong>gratiam</strong></span> <span class='ocrx_word' id='word_1_236' title='bbox 1228 3053 1326 3145; x_wconf 83' lang='lat' dir='ltr'><strong>tecum</strong></span> 
     </span>
     <span class='ocr_line' id='line_1_28' title="bbox 43 3183 425 3254; baseline -0.008 -8"><span class='ocrx_word' id='word_1_237' title='bbox 43 3187 196 3254; x_wconf 81' lang='lat' dir='ltr'><strong>duttenus,</strong></span> <span class='ocrx_word' id='word_1_238' title='bbox 219 3185 243 3243; x_wconf 89' lang='lat' dir='ltr'><strong>si</strong></span> <span class='ocrx_word' id='word_1_239' title='bbox 265 3202 313 3245; x_wconf 90' lang='lat' dir='ltr'><strong>me</strong></span> <span class='ocrx_word' id='word_1_240' title='bbox 334 3183 425 3245; x_wconf 86' lang='lat' dir='ltr'><strong>ondit.</strong></span> 
     </span>
    </p>

    <p class='ocr_par' dir='ltr' id='par_1_5' title="bbox 43 3284 1327 3448">
     <span class='ocr_line' id='line_1_29' title="bbox 99 3284 1327 3366; baseline 0.003 -20"><span class='ocrx_word' id='word_1_241' title='bbox 99 3284 273 3346; x_wconf 76' lang='lat' dir='ltr'><strong>uvrrnuirs.</strong></span> <span class='ocrx_word' id='word_1_242' title='bbox 310 3286 418 3353; x_wconf 80' lang='lat' dir='ltr'><strong>dudio,</strong></span> <span class='ocrx_word' id='word_1_243' title='bbox 443 3293 471 3345; x_wconf 88' lang='lat' dir='ltr'><strong>et</strong></span> <span class='ocrx_word' id='word_1_244' title='bbox 493 3287 536 3347; x_wconf 86' lang='lat' dir='ltr'><strong>sic</strong></span> <span class='ocrx_word' id='word_1_245' title='bbox 557 3286 703 3362; x_wconf 78' lang='lat' dir='ltr'><strong>agendum</strong></span> <span class='ocrx_word' id='word_1_246' title='bbox 727 3286 813 3348; x_wconf 87' lang='lat' dir='ltr'><strong>nobis</strong></span> <span class='ocrx_word' id='word_1_247' title='bbox 834 3296 921 3365; x_wconf 90' lang='lat' dir='ltr'><strong>puto,</strong></span> <span class='ocrx_word' id='word_1_248' title='bbox 945 3288 1088 3366; x_wconf 88' lang='lat' dir='ltr'><strong>siquidem</strong></span> <span class='ocrx_word' id='word_1_249' title='bbox 1111 3288 1233 3365; x_wconf 85' lang='lat' dir='ltr'><strong>posthac</strong></span> <span class='ocrx_word' id='word_1_250' title='bbox 1255 3296 1327 3350; x_wconf 89' lang='lat' dir='ltr'><strong>tem·</strong></span> 
     </span>
     <span class='ocr_line' id='line_1_30' title="bbox 43 3385 314 3448; baseline -0.007 0"><span class='ocrx_word' id='word_1_251' title='bbox 43 3386 153 3448; x_wconf 76' lang='lat' dir='ltr'><strong>rorabit</strong></span> <span class='ocrx_word' id='word_1_252' title='bbox 175 3387 228 3446; x_wconf 89' lang='lat' dir='ltr'><strong>iste</strong></span> <span class='ocrx_word' id='word_1_253' title='bbox 251 3385 314 3446; x_wconf 83' lang='lat' dir='ltr'><strong>nihi.</strong></span> 
     </span>
    </p>

    <p class='ocr_par' dir='ltr' id='par_1_6' title="bbox 100 3487 510 3565">
     <span class='ocr_line' id='line_1_31' title="bbox 100 3487 510 3565; baseline -0.005 -17"><span class='ocrx_word' id='word_1_254' title='bbox 100 3506 278 3549; x_wconf 64' lang='lat' dir='ltr'><strong>uncinos„</strong></span> <span class='ocrx_word' id='word_1_255' title='bbox 315 3487 510 3565; x_wconf 83' lang='lat' dir='ltr'><strong>Temperabo.</strong></span> 
     </span>
    </p>

    <p class='ocr_par' dir='ltr' id='par_1_7' title="bbox 43 3589 1395 3768">
     <span class='ocr_line' id='line_1_32' title="bbox 98 3589 1395 3675; baseline 0.002 -25"><span class='ocrx_word' id='word_1_256' title='bbox 98 3608 299 3650; x_wconf 72' lang='lat' dir='ltr'><strong>rememora.</strong></span> <span class='ocrx_word' id='word_1_257' title='bbox 338 3589 429 3668; x_wconf 77' lang='lat' dir='ltr'><strong>Igitur</strong></span> <span class='ocrx_word' id='word_1_258' title='bbox 460 3597 585 3667; x_wconf 88' lang='lat' dir='ltr'><strong>quatuor</strong></span> <span class='ocrx_word' id='word_1_259' title='bbox 612 3598 681 3650; x_wconf 90' lang='lat' dir='ltr'><strong>sunt</strong></span> <span class='ocrx_word' id='word_1_260' title='bbox 696 3593 737 3650; x_wconf 83' lang='lat' dir='ltr'><strong>in</strong></span> <span class='ocrx_word' id='word_1_261' title='bbox 761 3591 917 3651; x_wconf 84' lang='lat' dir='ltr'><strong>Germania</strong></span> <span class='ocrx_word' id='word_1_262' title='bbox 940 3591 1057 3652; x_wconf 64' lang='lat' dir='ltr'><strong>Praedo·</strong></span> <span class='ocrx_word' id='word_1_263' title='bbox 1079 3598 1086 3668; x_wconf 87' lang='grc' dir='ltr'>ξ</span> <span class='ocrx_word' id='word_1_264' title='bbox 1109 3590 1395 3675; x_wconf 63' lang='grc' dir='ltr'>ξξξξξξξξξωωωωϊξξ·</span> 
     </span>
     <span class='ocr_line' id='line_1_33' title="bbox 43 3708 248 3768; baseline -0.01 -18"><span class='ocrx_word' id='word_1_265' title='bbox 43 3708 106 3750; x_wconf 83' lang='lat' dir='ltr'><strong>ium</strong></span> <span class='ocrx_word' id='word_1_266' title='bbox 130 3708 248 3768; x_wconf 84' lang='lat' dir='ltr'><strong>genera.</strong></span> 
     </span>
    </p>

    <p class='ocr_par' dir='ltr' id='par_1_8' title="bbox 98 3792 552 3870">
     <span class='ocr_line' id='line_1_34' title="bbox 98 3792 552 3870; baseline 0 -19"><span class='ocrx_word' id='word_1_267' title='bbox 98 3810 280 3853; x_wconf 71' lang='lat' dir='ltr'><strong>unwanus.</strong></span> <span class='ocrx_word' id='word_1_268' title='bbox 318 3792 428 3853; x_wconf 83' lang='lat' dir='ltr'><strong>Audire</strong></span> <span class='ocrx_word' id='word_1_269' title='bbox 450 3793 552 3870; x_wconf 79' lang='lat' dir='ltr'><strong>gestio.</strong></span> 
     </span>
    </p>

    <p class='ocr_par' dir='ltr' id='par_1_9' title="bbox 43 3888 1327 4069">
     <span class='ocr_line' id='line_1_35' title="bbox 98 3888 1327 3973; baseline 0.004 -21"><span class='ocrx_word' id='word_1_270' title='bbox 98 3911 274 3957; x_wconf 72' lang='lat' dir='ltr'><strong>morsura.</strong></span> <span class='ocrx_word' id='word_1_271' title='bbox 312 3893 461 3964; x_wconf 84' lang='lat' dir='ltr'><strong>Quorum,</strong></span> <span class='ocrx_word' id='word_1_272' title='bbox 490 3888 613 3972; x_wconf 84' lang='lat' dir='ltr'><strong>hospes,</strong></span> <span class='ocrx_word' id='word_1_273' title='bbox 641 3894 770 3971; x_wconf 93' lang='lat' dir='ltr'><strong>primum</strong></span> <span class='ocrx_word' id='word_1_274' title='bbox 799 3903 828 3957; x_wconf 89' lang='lat' dir='ltr'><strong>et</strong></span> <span class='ocrx_word' id='word_1_275' title='bbox 855 3897 1135 3973; x_wconf 84' lang='lat' dir='ltr'><strong>perniciosissimum</strong></span> <span class='ocrx_word' id='word_1_276' title='bbox 1157 3903 1202 3961; x_wconf 85' lang='lat' dir='ltr'><strong>est</strong></span> <span class='ocrx_word' id='word_1_277' title='bbox 1224 3897 1327 3957; x_wconf 85' lang='lat' dir='ltr'><strong>Sacer-</strong></span> 
     </span>
     <span class='ocr_line' id='line_1_36' title="bbox 43 3991 242 4069; baseline -0.015 -15"><span class='ocrx_word' id='word_1_278' title='bbox 43 3993 139 4054; x_wconf 85' lang='lat' dir='ltr'><strong>iotum</strong></span> <span class='ocrx_word' id='word_1_279' title='bbox 161 3991 242 4069; x_wconf 83' lang='lat' dir='ltr'><strong>illud.</strong></span> 
     </span>
    </p>

    <p class='ocr_par' dir='ltr' id='par_1_10' title="bbox 43 4087 1327 4475">
     <span class='ocr_line' id='line_1_37' title="bbox 97 4087 1327 4175; baseline 0.003 -20"><span class='ocrx_word' id='word_1_280' title='bbox 97 4113 299 4156; x_wconf 71' lang='lat' dir='ltr'><strong>rusumacvs.</strong></span> <span class='ocrx_word' id='word_1_281' title='bbox 337 4087 374 4155; x_wconf 78' lang='lat' dir='ltr'><strong>dt</strong></span> <span class='ocrx_word' id='word_1_282' title='bbox 402 4114 457 4174; x_wconf 81' lang='lat' dir='ltr'><strong>ego</strong></span> <span class='ocrx_word' id='word_1_283' title='bbox 488 4090 665 4166; x_wconf 83' lang='lat' dir='ltr'><strong>levissimum</strong></span> <span class='ocrx_word' id='word_1_284' title='bbox 693 4098 843 4175; x_wconf 85' lang='lat' dir='ltr'><strong>positurus</strong></span> <span class='ocrx_word' id='word_1_285' title='bbox 871 4115 951 4157; x_wconf 87' lang='lat' dir='ltr'><strong>eram</strong></span> <span class='ocrx_word' id='word_1_286' title='bbox 981 4099 1077 4175; x_wconf 88' lang='lat' dir='ltr'><strong>primo</strong></span> <span class='ocrx_word' id='word_1_287' title='bbox 1109 4097 1188 4165; x_wconf 84' lang='lat' dir='ltr'><strong>loeo,</strong></span> <span class='ocrx_word' id='word_1_288' title='bbox 1221 4098 1327 4159; x_wconf 90' lang='lat' dir='ltr'><strong>deiude</strong></span> 
     </span>
     <span class='ocr_line' id='line_1_38' title="bbox 43 4195 1327 4275; baseline 0.002 -19"><span class='ocrx_word' id='word_1_289' title='bbox 43 4195 179 4274; x_wconf 75' lang='lat' dir='ltr'><strong>quosdam</strong></span> <span class='ocrx_word' id='word_1_290' title='bbox 209 4197 290 4275; x_wconf 86' lang='lat' dir='ltr'><strong>quasi</strong></span> <span class='ocrx_word' id='word_1_291' title='bbox 320 4213 374 4272; x_wconf 93' lang='lat' dir='ltr'><strong>per</strong></span> <span class='ocrx_word' id='word_1_292' title='bbox 401 4196 511 4272; x_wconf 75' lang='lat' dir='ltr'><strong>gradus</strong></span> <span class='ocrx_word' id='word_1_293' title='bbox 540 4196 575 4257; x_wconf 95' lang='lat' dir='ltr'><strong>ad</strong></span> <span class='ocrx_word' id='word_1_294' title='bbox 605 4199 809 4274; x_wconf 81' lang='lat' dir='ltr'><strong>gravissimum</strong></span> <span class='ocrx_word' id='word_1_295' title='bbox 832 4197 903 4258; x_wconf 84' lang='lat' dir='ltr'><strong>iilud</strong></span> <span class='ocrx_word' id='word_1_296' title='bbox 927 4206 955 4259; x_wconf 86' lang='lat' dir='ltr'><strong>et</strong></span> <span class='ocrx_word' id='word_1_297' title='bbox 977 4217 1091 4259; x_wconf 87' lang='lat' dir='ltr'><strong>summe</strong></span> <span class='ocrx_word' id='word_1_298' title='bbox 1114 4199 1327 4259; x_wconf 82' lang='lat' dir='ltr'><strong>noxiumron-</strong></span> 
     </span>
     <span class='ocr_line' id='line_1_39' title="bbox 43 4294 1327 4382; baseline 0.007 -30"><span class='ocrx_word' id='word_1_299' title='bbox 43 4296 178 4358; x_wconf 77' lang='lat' dir='ltr'><strong>ioendere</strong></span> <span class='ocrx_word' id='word_1_300' title='bbox 201 4294 348 4365; x_wconf 82' lang='lat' dir='ltr'><strong>volebam,</strong></span> <span class='ocrx_word' id='word_1_301' title='bbox 372 4298 410 4356; x_wconf 87' lang='lat' dir='ltr'><strong>ita</strong></span> <span class='ocrx_word' id='word_1_302' title='bbox 433 4305 465 4357; x_wconf 93' lang='lat' dir='ltr'><strong>ut</strong></span> <span class='ocrx_word' id='word_1_303' title='bbox 487 4299 537 4377; x_wconf 92' lang='lat' dir='ltr'><strong>qui</strong></span> <span class='ocrx_word' id='word_1_304' title='bbox 558 4299 655 4358; x_wconf 90' lang='lat' dir='ltr'><strong>minus</strong></span> <span class='ocrx_word' id='word_1_305' title='bbox 677 4306 829 4382; x_wconf 88' lang='lat' dir='ltr'><strong>raperent,</strong></span> <span class='ocrx_word' id='word_1_306' title='bbox 854 4301 935 4377; x_wconf 92' lang='lat' dir='ltr'><strong>prius</strong></span> <span class='ocrx_word' id='word_1_307' title='bbox 956 4299 994 4360; x_wconf 86' lang='lat' dir='ltr'><strong>de</strong></span> <span class='ocrx_word' id='word_1_308' title='bbox 1015 4300 1064 4366; x_wconf 86' lang='lat' dir='ltr'><strong>iis,</strong></span> <span class='ocrx_word' id='word_1_309' title='bbox 1088 4306 1156 4376; x_wconf 85' lang='lat' dir='ltr'><strong>post</strong></span> <span class='ocrx_word' id='word_1_310' title='bbox 1171 4301 1220 4378; x_wconf 89' lang='lat' dir='ltr'><strong>qui</strong></span> <span class='ocrx_word' id='word_1_311' title='bbox 1236 4302 1327 4377; x_wconf 83' lang='lat' dir='ltr'><strong>magis</strong></span> 
     </span>
     <span class='ocr_line' id='line_1_40' title="bbox 43 4397 377 4475; baseline 0.003 -19"><span class='ocrx_word' id='word_1_312' title='bbox 43 4416 68 4456; x_wconf 84' lang='lat' dir='ltr'><strong>rc</strong></span> <span class='ocrx_word' id='word_1_313' title='bbox 90 4398 200 4475; x_wconf 76' lang='lat' dir='ltr'><strong>magis,</strong></span> <span class='ocrx_word' id='word_1_314' title='bbox 223 4397 377 4458; x_wconf 75' lang='lat' dir='ltr'><strong>referrem.</strong></span> 
     </span>
    </p>
   </div>
   <div class='ocr_carea' id='block_1_5' title="bbox 43 4598 1327 4750">
    <p class='ocr_par' dir='ltr' id='par_1_11' title="bbox 43 4598 1327 4750">
     <span class='ocr_line' id='line_1_41' title="bbox 98 4598 1327 4669; baseline 0.005 -22"><span class='ocrx_word' id='word_1_315' title='bbox 98 4598 110 4630; x_wconf 73' lang='lat'><em>¹</em></span> <span class='ocrx_word' id='word_1_316' title='bbox 128 4599 266 4664; x_wconf 80' lang='lat' dir='ltr'><strong>quispim</strong></span> <span class='ocrx_word' id='word_1_317' title='bbox 279 4599 339 4649; x_wconf 81' lang='lat' dir='ltr'><strong>edd.</strong></span> <span class='ocrx_word' id='word_1_318' title='bbox 391 4598 401 4631; x_wconf 79' lang='lat'><strong>⁹</strong></span> <span class='ocrx_word' id='word_1_319' title='bbox 419 4602 436 4649; x_wconf 80' lang='lat' dir='ltr'><strong>i.</strong></span> <span class='ocrx_word' id='word_1_320' title='bbox 448 4617 476 4650; x_wconf 58' lang='lat' dir='ltr'><strong>er</strong></span> <span class='ocrx_word' id='word_1_321' title='bbox 485 4600 660 4666; x_wconf 76' lang='lat' dir='ltr'><strong>praedonibus</strong></span> <span class='ocrx_word' id='word_1_322' title='bbox 672 4602 767 4653; x_wconf 84' lang='lat' dir='ltr'><strong>domus</strong></span> <span class='ocrx_word' id='word_1_323' title='bbox 780 4603 902 4667; x_wconf 83' lang='lat' dir='ltr'><strong>equitum</strong></span> <span class='ocrx_word' id='word_1_324' title='bbox 918 4615 1025 4652; x_wconf 85' lang='lat' dir='ltr'><strong>nomen.</strong></span> <span class='ocrx_word' id='word_1_325' title='bbox 1052 4601 1091 4662; x_wconf 80' lang='lat' dir='ltr'><strong>Os.</strong></span> <span class='ocrx_word' id='word_1_326' title='bbox 1104 4615 1158 4649; x_wconf 80' lang='lat' dir='ltr'><strong>voc.</strong></span> <span class='ocrx_word' id='word_1_327' title='bbox 1170 4600 1327 4669; x_wconf 70' lang='lat' dir='ltr'><strong>Brnrittep—</strong></span> 
     </span>
     <span class='ocr_line' id='line_1_42' title="bbox 43 4679 586 4750; baseline 0.006 -18"><span class='ocrx_word' id='word_1_328' title='bbox 43 4698 86 4732; x_wconf 73' lang='lat' dir='ltr'><strong>ter.</strong></span> <span class='ocrx_word' id='word_1_329' title='bbox 156 4679 326 4748; x_wconf 58' lang='lat' dir='ltr'><strong>”edent</strong></span> <span class='ocrx_word' id='word_1_330' title='bbox 379 4682 586 4750; x_wconf 67' lang='lat' dir='ltr'><strong>⁸⁸ii?,poi&#39;t1.</strong></span> 
     </span>
    </p>
   </div>
   <div class='ocr_carea' id='block_1_6' title="bbox 0 0 1620 5422">
    <p class='ocr_par' dir='ltr' id='par_1_12' title="bbox 0 0 1620 5422">
     <span class='ocr_line' id='line_1_43' title="bbox 0 0 1620 5422; baseline 0 0"><span class='ocrx_word' id='word_1_331' title='bbox 0 0 1620 5422; x_wconf 95' lang='lat' dir='ltr'><strong> </strong></span> 
     </span>
    </p>
   </div>
  </div>
 </body>
</html>
