3210 5416
255 372 328 440 512
697 401 814 435 ntttoot
835 400 1108 439 PSBVDOHVTTEMCL

315 559 482 631 legatus.
520 556 587 624 Quis
608 559 677 614 tanti
700 558 829 614 facinoris
852 560 949 614 autor?

318 642 449 698 llenno.
487 642 617 716 Princeps
640 644 713 718 ipse.
732 643 894 699 'turbatores
917 643 988 698 enim
1012 643 1113 716 quietis
1135 644 1282 719 pacisque,
1314 663 1346 700 ao
1369 663 1475 718 nequam
1493 645 1531 699 bu

254 728 340 783 mines
362 737 435 784 sunt.
968 773 970 775 .
1037 749 1042 758 ¹

318 813 478 886 Legatos.
516 813 668 868 Omnesnc‘t
822 866 824 871 .

319 896 444 953 llenno.
482 897 580 953 Omnes
603 898 728 970 prolecto
751 904 890 971 quotquot
912 897 944 953 ad
968 914 1019 953 nos
1043 898 1162 954 veniunt.
1377 933 1380 937 ν
1488 945 1492 956 .
1542 919 1551 953 s

188 999 254 1047 §.tro
319 981 485 1055 Legatus.
523 981 641 1037 Absolve
664 981 745 1036 etiam
769 981 831 1037 illos
854 982 900 1054 qni
924 983 1164 1045 exeommunicati,
1189 983 1264 1056 quod
1288 1000 1384 1039 marrus
1408 984 1538 1037 iniecerunt

253 1066 440 1122 sacerdotibus
462 1065 636 1140 praelatisque
658 1064 841 1122 ecclesiarum.

319 1150 446 1206 llenno.
484 1149 619 1217 Quantum
641 1151 705 1205 dare
727 1160 865 1224 coguntur
886 1150 932 1206 hi?

319 1236 480 1308 Legatos.
518 1234 576 1291 h'ou
600 1236 688 1291 minus
712 1252 791 1309 quam
816 1236 929 1308 triginta
950 1236 1073 1293 ducatos.

319 1319 441 1376 llenno.
479 1319 585 1393 Optime
608 1321 814 1398 estzqsaeerdos
837 1321 970 1393 siquidem
995 1321 1097 1377 vicinus
1121 1329 1163 1376 est
1178 1321 1276 1382 uobis.
1300 1322 1348 1394 qui
1365 1321 1466 1379 multos
1481 1322 1563 1376 inin-rt

255 1406 295 1462 'riu
317 1405 428 1478 aflligit,
458 1422 488 1460 ac
511 1404 561 1459 iam
585 1404 690 1477 aliquot
713 1407 794 1461 etiam
814 1404 963 1461 vulneravit
986 1405 1094 1468 ebrius,
1125 1413 1207 1478 atquc
1235 1406 1305 1461 adeo
1329 1407 1444 1463 insultat
1466 1408 1539 1461 omni·

255 1491 319 1552 bus,
349 1488 415 1545 nulli
445 1506 571 1563 paroens;
601 1487 640 1543 illi
670 1499 872 1546 sacrosanctum
902 1507 964 1545 eum
991 1508 1100 1546 rursum
1125 1489 1194 1545 anab
1217 1490 1337 1545 multare
1361 1508 1416 1546 non
1439 1491 1539 1549 audent:

159 1585 164 1599 '
253 1577 370 1649 denique
393 1573 495 1630 nullius
517 1590 600 1636 uxor,
624 1573 725 1628 nullius
748 1576 828 1630 etiarn
842 1583 910 1630 'tuta
933 1592 991 1647 prae
1014 1576 1073 1631 eius
1096 1574 1207 1630 libidine
1231 1574 1286 1630 filia
1309 1584 1368 1630 est:
1392 1577 1415 1630 si
1431 1593 1498 1631 caeso
1511 1592 1538 1628 ee

253 1668 370 1734 possunt
393 1659 426 1715 ab
448 1657 593 1714 homicidio
616 1656 719 1714 absolvi
743 1660 854 1732 triginta
877 1655 997 1722 ducatis.
1021 1660 1186 1716 interlicicnt
1208 1660 1352 1734 prolecto.
1376 1669 1404 1715 et
1427 1669 1456 1715 tu
1470 1677 1539 1733 pecu·

255 1747 326 1802 niam
348 1743 468 1799 habebis.
1546 1758 1562 1796 n

185 1846 254 1894 §.tan
319 1831 482 1902 Legatos.
518 1827 577 1883 Non
601 1828 680 1885 iubeo
703 1836 734 1884 ut
763 1828 942 1892 interficiant;
971 1829 994 1884 si
1023 1829 1146 1885 venerint
1176 1837 1281 1891 tamen,
1313 1828 1440 1893 absolro;
1468 1830 1540 1903 pieni·

255 1915 375 1970 tentibus
398 1913 481 1969 renim
504 1911 581 1968 loeus
603 1914 665 1968 erit.
847 1963 854 1979 ,

316 1999 412 2055 Puer.
449 1996 577 2057 Pulchre.
600 1997 723 2053 Christus
745 1998 832 2054 vetuit
854 2015 888 2054 ne
911 1998 1011 2054 Christi
1033 1999 1093 2054 eius
1117 2007 1313 2071 tangerentur;
1345 1999 1388 2054 bie
1413 1999 1495 2059 iubet,
1516 2005 1538 2051 ιιι

253 2085 405 2159 pecuniam
424 2082 535 2144 habeat.
565 2081 645 2137 etiam
678 2082 773 2139 occidi.
822 2100 872 2138 nee
901 2092 944 2139 est
963 2083 1045 2156 quod
1074 2083 1126 2139 sihi
1155 2083 1199 2138 hie
1223 2083 1400 2138 blandiantur
1422 2082 1537 2157 episcopi.

253 2176 380 2242 tauquam
403 2166 456 2223 soli
478 2167 659 2227 sacrosancti.
684 2167 811 2240 quoniam
835 2177 863 2223 et
886 2167 913 2228 in
936 2184 983 2222 eos
999 2185 1072 2223 arnna
1089 2177 1256 2223 exacuuntur
1272 2168 1396 2230 tandem:
1418 2185 1477 2223 eum
1491 2166 1560 2239 epi-rt

257 2271 371 2326 scopus,
395 2260 506 2325 excepta
530 2251 715 2312 ordinatione.
739 2251 825 2307 nihilo
848 2250 910 2326 plus
933 2252 970 2307 sit
992 2270 1071 2325 quam
1095 2252 1255 2326 presbyter,
1280 2252 1332 2308 boc
1356 2253 1431 2325 quod
1455 2253 1535 2307 iarum

254 2338 365 2410 egregie
389 2335 531 2392 ostendisti
559 2335 586 2390 iu
610 2335 716 2396 Suetia.
745 2336 778 2391 ad
806 2345 902 2392 nutum
932 2336 1055 2392 videlieet
1083 2335 1325 2411 adulationemque
1353 2337 1460 2410 tyranni
1487 2352 1535 2409 per·
1601 2400 1604 2408 Ι

255 2439 396 2478 cussorern
418 2420 614 2492 archiepiscopi
637 2420 769 2492 evestigio
792 2421 943 2478 absolvens.

184 2524 251 2573 bret.
316 2497 478 2579 Legatos.
517 2503 676 2576 illegitimos
699 2505 779 2561 etiam
802 2504 940 2578 legitimos
963 2506 1047 2566 larcio.
1072 2506 1223 2563 honoribus
1247 2505 1339 2562 locum
1363 2506 1462 2562 tribuo.

316 2591 414 2647 Puer.
452 2589 508 2645 lloc
530 2590 662 2646 Censorem
685 2598 895 2664 tautum‘posse
917 2591 1020 2653 audivi:
1054 2607 1117 2647 num
1138 2599 1169 2646 et
1191 2591 1216 2646 id
1239 2591 1292 2664 sibi
1309 2591 1439 2647 -vendicat
1459 2588 1555 2663 Papaln

144 2694 159 2719 ο
184 2688 251 2737 §.ta-t.
315 2677 479 2750 Legatus.
517 2674 556 2729 td
579 2676 736 2749 prophanus
759 2675 804 2731 ille
828 2676 960 2737 honores.
984 2692 1036 2747 ogo
1052 2676 1084 2731 ad
1103 2676 1269 2739 sacenlotia;
1293 2677 1349 2731 imo
1365 2677 1446 2731 etiam
1460 2675 1480 2730 si
1494 2675 1529 2747 qni

253 2762 356 2817 truncis
379 2761 433 2816 sint
455 2758 600 2822 membris,
629 2760 661 2815 ad
684 2758 779 2816 altaria
799 2759 897 2816 Christi
921 2761 1061 2822 accedant.
1091 2760 1251 2835 apostolicis
1273 2759 1363 2816 literis
1386 2768 1530 2834 potestatem

252 2847 331 2903 lacio.
719 2864 726 2878 ’
765 2836 781 2865 ’

313 2933 408 2988 Puer.
446 2931 502 2986 lloo
524 2929 596 3003 quod
619 2947 790 3003 nequaqnam
813 2930 897 2987 veteri
922 2937 1085 2986 testamento
1108 2928 1222 2991 licebat,
1254 2939 1384 3003 tanquam
1407 2929 1528 3001 iudignuu

249 3018 319 3080 deo,
344 3016 409 3072 illud
433 3015 522 3090 ipsum
545 3014 588 3071 hio
611 3012 656 3070 illc
679 3022 757 3088 pater
778 3023 888 3070 sanetus
911 3032 995 3075 nuno,
1020 3014 1096 3088 iqaasi
1119 3014 1205 3086 magis
1228 3013 1324 3077 liceat,
1348 3015 1459 3088 pecunia
1479 3024 1550 3066 ten-n

250 3102 311 3164 det;
334 3109 491 3157 nostrorum
508 3100 587 3155 etiam
605 3099 774 3155 sacerdotum
794 3099 879 3172 ¹vuquo
903 3100 935 3155 ad
949 3098 1073 3173 *plurima
1097 3098 1180 3171 mela,
1205 3099 1391 3171 ignorantiam
1414 3097 1525 3153 videlieet

251 3185 425 3247 ebrietatem,
449 3186 658 3246 scortationem
682 3183 733 3239 hoc
755 3185 863 3239 additur
885 3192 972 3245 recte,
997 3192 1025 3239 ut
1039 3183 1138 3247 smutili
1162 3184 1230 3245 sint,
1256 3202 1311 3257 quo
1336 3183 1405 3239 nihil
1428 3184 1526 3255 turpitu-

181 3271 328 3330 §.taadinis
351 3271 395 3331 sit.
419 3269 484 3342 quin
509 3269 535 3324 ln
558 3269 597 3324 eis
620 3268 781 3342 reperiatur.
827 3268 905 3324 Tales
927 3286 987 3325 eum
1010 3269 1065 3324 sint
1080 3268 1252 3342 presbyteri,
1278 3267 1374 3340 quales
1389 3267 1524 3342 putabimus

249 3372 309 3408 esse
332 3353 464 3427 reliquam
487 3353 673 3426 plebeculam?
704 3360 778 3409 certe
801 3371 936 3409 cecorum
958 3370 1059 3413 caecos,
1091 3352 1249 3408 claudorum
1272 3352 1386 3408 olaudos
1407 3353 1523 3407 «tuerere

250 3437 323 3493 Talia
346 3453 456 3492 munera
480 3437 559 3492 ollert
582 3438 625 3492 hie
648 3438 674 3492 in
696 3437 776 3494 deum
799 3438 939 3512 piissimus
966 3438 1081 3510 legatus,
1123 3429 1162 3492 de
1180 3454 1236 3511 qno
1259 3437 1311 3493 ianr
1335 3436 1414 3510 plane
1436 3436 1477 3491 ille
1493 3431 1544 3486 dett

248 3522 287 3577 xit
311 3521 373 3577 ‘Vos
397 3522 551 3577 sacerdotes
568 3521 709 3594 despicitis
730 3540 830 3578 nomen
853 3539 956 3584 meum,
986 3522 1131 3578 ollerentes
1160 3538 1245 3595 panes
1274 3520 1413 3594 pollutos.
1441 3533 1521 3575 cecum

248 3615 276 3662 et
296 3605 421 3662 claudum
443 3612 471 3661 et
493 3605 651 3678 languidum
674 3606 700 3662 in
723 3607 907 3664 sacrificium':
931 3607 1056 3663 nimirum
1072 3624 1121 3662 eos
1137 3606 1307 3678 intelligens,
1329 3606 1379 3679 qui
1394 3618 1521 3662 sacremu-

249 3700 304 3748 tum
328 3690 428 3747 Christi
450 3689 578 3764 pelluuut
599 3691 739 3763 corporis;
769 3710 886 3765 quorum
916 3693 1004 3748 anima
1033 3691 1127 3747 clauda
1157 3700 1214 3753 est,
1242 3689 1348 3765 duplici
1379 3689 1476 3746 scilieet
1496 3682 1519 3738 al

248 3775 410 3850 precandum
439 3784 528 3831 mente
557 3775 701 3838 aecedens;
734 3775 860 3849 languida
890 3777 971 3833 etiam
1005 3776 1040 3832 ob
1070 3776 1197 3831 virtutem
1229 3775 1329 3848 deique
1363 3773 1517 3849 sapientiem:

246 3881 317 3917 caeca
341 3861 418 3922 item,
451 3878 511 3933 quae
535 3858 658 3914 videlieet
680 3876 733 3914 non
757 3859 911 3917 illustratur
933 3861 1031 3916 Christi
1055 3860 1170 3920 luinine.
1201 3876 1250 3915 uec
1274 3858 1384 3916 oculum
1405 3860 1437 3915 de
1457 3860 1539 3912 erantt

246 3946 319 4018 gello
342 3955 515 4002 contuentem
533 3944 628 4006 babet.
672 3944 725 4000 Nec
748 3946 848 4007 miror.
871 3963 932 4002 cunr
956 3946 1028 4019 ipse,
1059 3945 1105 4016 qui
1128 3961 1249 4000 suiumns
1273 3961 1334 4000 esse
1357 3943 1414 3999 vuh
1434 3942 1517 4016 eptem

246 4049 312 4104 pus.
348 4031 494 4087 etiamnum
521 4048 609 4086 caecus
638 4046 697 4084 csse
724 4030 844 4092 dicatur,
880 4039 926 4086 aut
955 4030 977 4085 si
1006 4029 1144 4102 quippiam
1174 4027 1261 4083 arlbue
1292 4028 1393 4088 videat,
1422 4026 1516 4097 cattgot

247 4115 313 4170 adco
336 4115 395 4171 eius
418 4115 504 4175 oculi.
528 4124 557 4170 ut
580 4113 661 4171 etiam
684 4114 712 4168 in
734 4114 869 4170 dominico
894 4114 995 4188 templo
1017 4114 1060 4172 dei
1081 4113 1220 4171 luoeream
1242 4128 1297 4168 non
1322 4120 1456 4185 agnoscat.

177 4205 246 4253 §.wt-
310 4199 474 4273 Legatos.
513 4200 640 4256 Veterum
672 4199 754 4254 etiam
785 4208 828 4255 est
856 4200 1040 4260 institutum·
1062 4215 1095 4254 ne
1124 4198 1269 4272 quisquam
1297 4198 1367 4269 regii
1394 4186 1513 4261 saeenlotb

247 4313 449 4325 ᾕ-

312 4379 323 4411 ⁹
335 4382 389 4442 Qui
401 4396 498 4432 manus
511 4383 539 4431 in
552 4380 712 4432 secerdotes
723 4381 878 4444 iniecerint,
896 4380 929 4431 30
941 4381 1050 4430 detentis
1063 4379 1268 4432 absolvuntur*
1323 4379 1346 4411 ¹⁶
1358 4373 1456 4439 vener]
1464 4374 1512 4437 sorl-
1588 4409 1593 4425 .

245 4464 367 4515 fecerint
419 4464 682 4518 ¹³Pmtm.erv.15.
730 4463 757 4507 .²³
776 4466 910 4530 obsepta
928 4467 967 4527 §C
1030 4463 1054 4501 2⁴
1071 4464 1282 4529 Legitimattos
1304 4465 1322 4513 i.
1335 4480 1357 4514 e.
1374 4463 1511 4512 admurm-

243 4545 266 4578 2'
277 4549 459 4613 Dispensalio
470 4566 519 4614 pro
532 4550 640 4601 altaria·
683 4549 705 4582 ²⁹
717 4550 917 4604 hertelexxt.
927 4549 966 4599 18.
975 4565 1032 4614 sqq.
1052 4550 1088 4598 el.
1096 4549 1208 4599 Deerat
1217 4548 1348 4599 Gratiani
1359 4546 1452 4613 perti.
1464 4540 1510 4589 ‹litl-

243 4630 285 4680 49.
300 4647 323 4679 e.
335 4631 356 4680 l.
391 4631 413 4663 ³⁸
433 4649 500 4683 esec.
513 4631 592 4698 eaeo]
606 4627 713 4698 τυφλὸς
724 4633 823 4699 τυφλῷ
835 4625 949 4699 ὁδηγός.
965 4636 1003 4697 Cf.
1013 4633 1170 4683 thatthxv.
1181 4631 1219 4682 ld.
1267 4631 1293 4706 ³⁵·
1309 4630 1367 4697 ille]
1381 4626 1483 4680 Materte
1493 4620 1508 4667 Ι·

243 4713 268 4762 ll.
282 4729 340 4778 sqq.
387 4715 409 4747 ⁴²
422 4724 450 4760 tt·
465 4717 634 4768 Cl.0rnt.ne
648 4720 780 4778 tow.
833 4716 855 4748 ⁴⁴
873 4719 910 4767 ef.
925 4734 1004 4783 capp.
1017 4716 1089 4767 a...7.
1104 4717 1225 4766 Distat.
1241 4718 1323 4767 Decr.
1338 4717 1413 4767 Gret.
1425 4715 1482 4777 part
1493 4702 1507 4750 l·
