<?xml version="1.0" encoding="UTF-8"?>
<!DOCTYPE html PUBLIC "-//W3C//DTD XHTML 1.0 Transitional//EN"
    "http://www.w3.org/TR/xhtml1/DTD/xhtml1-transitional.dtd">
<html xmlns="http://www.w3.org/1999/xhtml" xml:lang="en" lang="en">
 <head>
  <title>
</title>
<meta http-equiv="Content-Type" content="text/html;charset=utf-8" />
  <meta name='ocr-system' content='tesseract 3.04.00' />
  <meta name='ocr-capabilities' content='ocr_page ocr_carea ocr_par ocr_line ocrx_word'/>
</head>
<body>
  <div class='ocr_page' id='page_1' title='image "./ulrichihuttenie05huttgoog/ulrichihuttenie05huttgoog_0361.png"; bbox 0 0 3232 5422; ppageno 0'>
   <div class='ocr_carea' id='block_1_1' title="bbox 270 362 1375 435">
    <p class='ocr_par' dir='ltr' id='par_1_1' title="bbox 270 362 1375 435">
     <span class='ocr_line' id='line_1_1' title="bbox 270 362 1375 435; baseline -0.016 -2"><span class='ocrx_word' id='word_1_1' title='bbox 270 362 342 433; x_wconf 81' lang='grc'><strong>354</strong></span> <span class='ocrx_word' id='word_1_2' title='bbox 453 375 488 424; x_wconf 81' lang='lat' dir='ltr'><strong>X.</strong></span> <span class='ocrx_word' id='word_1_3' title='bbox 557 389 683 423; x_wconf 77' lang='lat' dir='ltr'><strong>nourrou</strong></span> <span class='ocrx_word' id='word_1_4' title='bbox 702 387 853 435; x_wconf 77' lang='lat' dir='ltr'><strong>sncvnnvs.</strong></span> <span class='ocrx_word' id='word_1_5' title='bbox 923 385 1064 421; x_wconf 80' lang='lat' dir='ltr'><strong>nraooovs</strong></span> <span class='ocrx_word' id='word_1_6' title='bbox 1083 384 1268 420; x_wconf 83' lang='lat' dir='ltr'><strong>nvrrarncre.</strong></span> <span class='ocrx_word' id='word_1_7' title='bbox 1289 368 1375 432; x_wconf 82' lang='lat' dir='ltr'><strong>(ism.)</strong></span> 
     </span>
    </p>
   </div>
   <div class='ocr_carea' id='block_1_2' title="bbox 199 530 1615 4057">
    <p class='ocr_par' dir='ltr' id='par_1_2' title="bbox 256 530 1559 1211">
     <span class='ocr_line' id='line_1_2' title="bbox 269 530 1545 624; baseline -0.012 -18"><span class='ocrx_word' id='word_1_8' title='bbox 269 558 357 624; x_wconf 92' lang='lat' dir='ltr'><strong>quam</strong></span> <span class='ocrx_word' id='word_1_9' title='bbox 380 551 408 604; x_wconf 89' lang='lat' dir='ltr'><strong>et</strong></span> <span class='ocrx_word' id='word_1_10' title='bbox 430 541 597 604; x_wconf 88' lang='lat' dir='ltr'><strong>buiusmadi</strong></span> <span class='ocrx_word' id='word_1_11' title='bbox 619 543 643 601; x_wconf 93' lang='lat' dir='ltr'><strong>si</strong></span> <span class='ocrx_word' id='word_1_12' title='bbox 665 539 780 618; x_wconf 76' lang='lat' dir='ltr'><strong>plenius</strong></span> <span class='ocrx_word' id='word_1_13' title='bbox 802 541 886 618; x_wconf 89' lang='lat' dir='ltr'><strong>queri</strong></span> <span class='ocrx_word' id='word_1_14' title='bbox 908 538 1009 609; x_wconf 85' lang='lat' dir='ltr'><strong>velim,</strong></span> <span class='ocrx_word' id='word_1_15' title='bbox 1034 536 1112 598; x_wconf 79' lang='lat' dir='ltr'><strong>nialla</strong></span> <span class='ocrx_word' id='word_1_16' title='bbox 1134 538 1205 598; x_wconf 88' lang='lat' dir='ltr'><strong>satis</strong></span> <span class='ocrx_word' id='word_1_17' title='bbox 1219 535 1319 615; x_wconf 90' lang='lat' dir='ltr'><strong>lingua</strong></span> <span class='ocrx_word' id='word_1_18' title='bbox 1336 534 1441 602; x_wconf 82' lang='lat' dir='ltr'><strong>tuerit,</strong></span> <span class='ocrx_word' id='word_1_19' title='bbox 1463 530 1545 592; x_wconf 85' lang='lat' dir='ltr'><strong>nullm</strong></span> 
     </span>
     <span class='ocr_line' id='line_1_3' title="bbox 268 631 1546 724; baseline -0.013 -18"><span class='ocrx_word' id='word_1_20' title='bbox 268 648 403 724; x_wconf 85' lang='lat' dir='ltr'><strong>spiritus,</strong></span> <span class='ocrx_word' id='word_1_21' title='bbox 430 643 508 705; x_wconf 89' lang='lat' dir='ltr'><strong>nulla</strong></span> <span class='ocrx_word' id='word_1_22' title='bbox 531 643 622 703; x_wconf 89' lang='lat' dir='ltr'><strong>latera</strong></span> <span class='ocrx_word' id='word_1_23' title='bbox 644 642 680 702; x_wconf 92' lang='lat' dir='ltr'><strong>ad</strong></span> <span class='ocrx_word' id='word_1_24' title='bbox 705 640 906 720; x_wconf 78' lang='lat' dir='ltr'><strong>explicandam</strong></span> <span class='ocrx_word' id='word_1_25' title='bbox 929 641 972 700; x_wconf 88' lang='lat' dir='ltr'><strong>rai</strong></span> <span class='ocrx_word' id='word_1_26' title='bbox 994 641 1192 700; x_wconf 72' lang='lat' dir='ltr'>atrocitatem:</span> <span class='ocrx_word' id='word_1_27' title='bbox 1208 656 1314 716; x_wconf 12' lang='lat' dir='ltr'><strong>,neque</strong></span> <span class='ocrx_word' id='word_1_28' title='bbox 1337 636 1416 696; x_wconf 91' lang='lat' dir='ltr'><strong>enim</strong></span> <span class='ocrx_word' id='word_1_29' title='bbox 1439 631 1493 694; x_wconf 86' lang='lat' dir='ltr'><strong>ulla</strong></span> <span class='ocrx_word' id='word_1_30' title='bbox 1513 632 1546 691; x_wconf 86' lang='lat' dir='ltr'><strong>h·</strong></span> 
     </span>
     <span class='ocr_line' id='line_1_4' title="bbox 256 735 1545 826; baseline -0.012 -18"><span class='ocrx_word' id='word_1_31' title='bbox 256 747 376 810; x_wconf 34' lang='lat' dir='ltr'><strong>x-cnltate</strong></span> <span class='ocrx_word' id='word_1_32' title='bbox 391 746 498 826; x_wconf 88' lang='lat' dir='ltr'><strong>poterit</strong></span> <span class='ocrx_word' id='word_1_33' title='bbox 514 744 623 823; x_wconf 75' lang='lat' dir='ltr'><strong>eqiari</strong></span> <span class='ocrx_word' id='word_1_34' title='bbox 639 745 769 803; x_wconf 93' lang='lat' dir='ltr'><strong>omnium</strong></span> <span class='ocrx_word' id='word_1_35' title='bbox 785 743 872 802; x_wconf 87' lang='lat' dir='ltr'><strong>fidem</strong></span> <span class='ocrx_word' id='word_1_36' title='bbox 895 740 1040 801; x_wconf 85' lang='lat' dir='ltr'><strong>excedens</strong></span> <span class='ocrx_word' id='word_1_37' title='bbox 1062 739 1233 816; x_wconf 80' lang='lat' dir='ltr'><strong>magnitudo</strong></span> <span class='ocrx_word' id='word_1_38' title='bbox 1248 738 1322 798; x_wconf 85' lang='lat' dir='ltr'><strong>haec.</strong></span> <span class='ocrx_word' id='word_1_39' title='bbox 1360 735 1459 806; x_wconf 86' lang='lat' dir='ltr'><strong>Quare</strong></span> <span class='ocrx_word' id='word_1_40' title='bbox 1473 736 1545 794; x_wconf 88' lang='lat' dir='ltr'><strong>etiam</strong></span> 
     </span>
     <span class='ocr_line' id='line_1_5' title="bbox 268 835 1545 934; baseline -0.005 -27"><span class='ocrx_word' id='word_1_41' title='bbox 268 847 428 934; x_wconf 43' lang='lat' dir='ltr'><strong>dmm,</strong></span> <span class='ocrx_word' id='word_1_42' title='bbox 449 864 457 934; x_wconf 73' lang='lat' dir='ltr'><strong>q</strong></span> <span class='ocrx_word' id='word_1_43' title='bbox 479 843 672 923; x_wconf 81' lang='lat' dir='ltr'><strong>scriptoribus</strong></span> <span class='ocrx_word' id='word_1_44' title='bbox 693 844 786 903; x_wconf 83' lang='lat' dir='ltr'><strong>nostri</strong></span> <span class='ocrx_word' id='word_1_45' title='bbox 807 844 948 921; x_wconf 88' lang='lat' dir='ltr'><strong>temporis</strong></span> <span class='ocrx_word' id='word_1_46' title='bbox 970 841 1074 902; x_wconf 92' lang='lat' dir='ltr'><strong>duram</strong></span> <span class='ocrx_word' id='word_1_47' title='bbox 1096 841 1222 919; x_wconf 90' lang='lat' dir='ltr'><strong>proponi</strong></span> <span class='ocrx_word' id='word_1_48' title='bbox 1244 838 1446 899; x_wconf 87' lang='lat' dir='ltr'><strong>conditionem</strong></span> <span class='ocrx_word' id='word_1_49' title='bbox 1467 835 1545 901; x_wconf 81' lang='lat' dir='ltr'><strong>rideo,</strong></span> 
     </span>
     <span class='ocr_line' id='line_1_6' title="bbox 268 938 1559 1029; baseline -0.012 -20"><span class='ocrx_word' id='word_1_50' title='bbox 268 949 346 1028; x_wconf 92' lang='lat' dir='ltr'><strong>quod</strong></span> <span class='ocrx_word' id='word_1_51' title='bbox 375 967 444 1009; x_wconf 89' lang='lat' dir='ltr'><strong>cum</strong></span> <span class='ocrx_word' id='word_1_52' title='bbox 472 946 636 1024; x_wconf 80' lang='lat' dir='ltr'><strong>eloquentia</strong></span> <span class='ocrx_word' id='word_1_53' title='bbox 664 943 737 1006; x_wconf 87' lang='lat' dir='ltr'><strong>nihil</strong></span> <span class='ocrx_word' id='word_1_54' title='bbox 758 944 829 1005; x_wconf 89' lang='lat' dir='ltr'><strong>inibi</strong></span> <span class='ocrx_word' id='word_1_55' title='bbox 850 944 1065 1029; x_wconf 88' lang='lat' dir='ltr'><strong>adsequantur,</strong></span> <span class='ocrx_word' id='word_1_56' title='bbox 1094 942 1152 1002; x_wconf 86' lang='lat' dir='ltr'><strong>tide</strong></span> <span class='ocrx_word' id='word_1_57' title='bbox 1181 942 1279 1001; x_wconf 88' lang='lat' dir='ltr'><strong>tamen</strong></span> <span class='ocrx_word' id='word_1_58' title='bbox 1308 938 1388 1019; x_wconf 93' lang='lat' dir='ltr'><strong>apud</strong></span> <span class='ocrx_word' id='word_1_59' title='bbox 1417 944 1559 1015; x_wconf 74' lang='lat' dir='ltr'><strong>posteross</strong></span> 
     </span>
     <span class='ocr_line' id='line_1_7' title="bbox 269 1036 1545 1128; baseline -0.012 -17"><span class='ocrx_word' id='word_1_60' title='bbox 269 1058 419 1128; x_wconf 78' lang='lat' dir='ltr'><strong>mcunque</strong></span> <span class='ocrx_word' id='word_1_61' title='bbox 441 1066 475 1109; x_wconf 88' lang='lat' dir='ltr'><strong>ca</strong></span> <span class='ocrx_word' id='word_1_62' title='bbox 497 1036 718 1127; x_wconf 74' lang='lat' dir='ltr'><strong>pertractarint,</strong></span> <span class='ocrx_word' id='word_1_63' title='bbox 742 1047 864 1106; x_wconf 74' lang='lat' dir='ltr'><strong>carnari</strong></span> <span class='ocrx_word' id='word_1_64' title='bbox 884 1048 956 1113; x_wconf 90' lang='lat' dir='ltr'><strong>sint,</strong></span> <span class='ocrx_word' id='word_1_65' title='bbox 980 1043 1058 1122; x_wconf 90' lang='lat' dir='ltr'><strong>qued</strong></span> <span class='ocrx_word' id='word_1_66' title='bbox 1081 1061 1168 1103; x_wconf 90' lang='lat' dir='ltr'><strong>nemo</strong></span> <span class='ocrx_word' id='word_1_67' title='bbox 1191 1040 1294 1103; x_wconf 88' lang='lat' dir='ltr'><strong>credet</strong></span> <span class='ocrx_word' id='word_1_68' title='bbox 1315 1039 1408 1100; x_wconf 89' lang='lat' dir='ltr'><strong>talem</strong></span> <span class='ocrx_word' id='word_1_69' title='bbox 1430 1046 1487 1098; x_wconf 71' lang='lat' dir='ltr'><strong>nm</strong></span> <span class='ocrx_word' id='word_1_70' title='bbox 1507 1037 1545 1096; x_wconf 90' lang='lat' dir='ltr'><strong>de·</strong></span> 
     </span>
     <span class='ocr_line' id='line_1_8' title="bbox 270 1149 870 1211; baseline -0.01 0"><span class='ocrx_word' id='word_1_71' title='bbox 270 1151 394 1211; x_wconf 76' lang='lat' dir='ltr'><strong>formem</strong></span> <span class='ocrx_word' id='word_1_72' title='bbox 418 1150 507 1210; x_wconf 84' lang='lat' dir='ltr'><strong>luisse</strong></span> <span class='ocrx_word' id='word_1_73' title='bbox 529 1149 609 1209; x_wconf 87' lang='lat' dir='ltr'><strong>hunc</strong></span> <span class='ocrx_word' id='word_1_74' title='bbox 631 1165 732 1209; x_wconf 88' lang='lat' dir='ltr'><strong>rerum</strong></span> <span class='ocrx_word' id='word_1_75' title='bbox 754 1153 870 1208; x_wconf 87' lang='lat' dir='ltr'><strong>statum.</strong></span> 
     </span>
    </p>

    <p class='ocr_par' dir='ltr' id='par_1_3' title="bbox 201 1245 1612 1820">
     <span class='ocr_line' id='line_1_9' title="bbox 201 1245 1545 1325; baseline -0.007 -17"><span class='ocrx_word' id='word_1_76' title='bbox 201 1258 259 1308; x_wconf 75' lang='lat' dir='ltr'><strong>§.tt</strong></span> <span class='ocrx_word' id='word_1_77' title='bbox 331 1269 483 1311; x_wconf 80' lang='lat' dir='ltr'><strong>uomroa.</strong></span> <span class='ocrx_word' id='word_1_78' title='bbox 521 1249 668 1321; x_wconf 86' lang='lat' dir='ltr'><strong>Quantum</strong></span> <span class='ocrx_word' id='word_1_79' title='bbox 695 1248 767 1308; x_wconf 92' lang='lat' dir='ltr'><strong>mihi</strong></span> <span class='ocrx_word' id='word_1_80' title='bbox 789 1266 929 1325; x_wconf 90' lang='lat' dir='ltr'><strong>scrupum</strong></span> <span class='ocrx_word' id='word_1_81' title='bbox 953 1247 1069 1317; x_wconf 85' lang='lat' dir='ltr'><strong>ohiiuis,</strong></span> <span class='ocrx_word' id='word_1_82' title='bbox 1099 1264 1186 1324; x_wconf 88' lang='lat' dir='ltr'><strong>quam</strong></span> <span class='ocrx_word' id='word_1_83' title='bbox 1208 1246 1289 1324; x_wconf 82' lang='lat' dir='ltr'><strong>graui</strong></span> <span class='ocrx_word' id='word_1_84' title='bbox 1313 1245 1460 1322; x_wconf 79' lang='lat' dir='ltr'><strong>cogitabis</strong></span> <span class='ocrx_word' id='word_1_85' title='bbox 1479 1256 1545 1300; x_wconf 81' lang='lat' dir='ltr'><strong>meos</strong></span> 
     </span>
     <span class='ocr_line' id='line_1_10' title="bbox 270 1343 1545 1428; baseline -0.01 -16"><span class='ocrx_word' id='word_1_86' title='bbox 270 1352 451 1412; x_wconf 69' lang='lat' dir='ltr'><strong>hesitatione</strong></span> <span class='ocrx_word' id='word_1_87' title='bbox 473 1350 628 1428; x_wconf 85' lang='lat' dir='ltr'><strong>impeditos</strong></span> <span class='ocrx_word' id='word_1_88' title='bbox 649 1349 764 1412; x_wconf 86' lang='lat' dir='ltr'><strong>reddis:</strong></span> <span class='ocrx_word' id='word_1_89' title='bbox 787 1351 874 1428; x_wconf 91' lang='lat' dir='ltr'><strong>igitur</strong></span> <span class='ocrx_word' id='word_1_90' title='bbox 896 1348 946 1427; x_wconf 93' lang='lat' dir='ltr'><strong>qni</strong></span> <span class='ocrx_word' id='word_1_91' title='bbox 968 1356 996 1408; x_wconf 92' lang='lat' dir='ltr'><strong>te</strong></span> <span class='ocrx_word' id='word_1_92' title='bbox 1018 1349 1160 1408; x_wconf 92' lang='lat' dir='ltr'><strong>monitum</strong></span> <span class='ocrx_word' id='word_1_93' title='bbox 1183 1347 1308 1414; x_wconf 74' lang='lat' dir='ltr'><strong>accessi,</strong></span> <span class='ocrx_word' id='word_1_94' title='bbox 1333 1344 1393 1405; x_wconf 90' lang='lat' dir='ltr'><strong>hoc</strong></span> <span class='ocrx_word' id='word_1_95' title='bbox 1408 1343 1478 1403; x_wconf 91' lang='lat' dir='ltr'><strong>mihi</strong></span> <span class='ocrx_word' id='word_1_96' title='bbox 1490 1358 1545 1401; x_wconf 84' lang='lat' dir='ltr'><strong>ron</strong></span> 
     </span>
     <span class='ocr_line' id='line_1_11' title="bbox 268 1444 1565 1530; baseline -0.008 -19"><span class='ocrx_word' id='word_1_97' title='bbox 268 1454 382 1530; x_wconf 90' lang='lat' dir='ltr'><strong>tingere</strong></span> <span class='ocrx_word' id='word_1_98' title='bbox 404 1451 503 1520; x_wconf 87' lang='lat' dir='ltr'><strong>rideo,</strong></span> <span class='ocrx_word' id='word_1_99' title='bbox 533 1451 596 1528; x_wconf 86' lang='lat' dir='ltr'><strong>ipse</strong></span> <span class='ocrx_word' id='word_1_100' title='bbox 623 1451 676 1512; x_wconf 91' lang='lat' dir='ltr'><strong>abs</strong></span> <span class='ocrx_word' id='word_1_101' title='bbox 703 1459 732 1511; x_wconf 87' lang='lat' dir='ltr'><strong>te</strong></span> <span class='ocrx_word' id='word_1_102' title='bbox 755 1458 788 1510; x_wconf 93' lang='lat' dir='ltr'><strong>ut</strong></span> <span class='ocrx_word' id='word_1_103' title='bbox 809 1468 944 1520; x_wconf 67' lang='lat' dir='ltr'><strong>moneam</strong></span> <span class='ocrx_word' id='word_1_104' title='bbox 974 1451 1028 1511; x_wconf 88' lang='lat' dir='ltr'><strong>etsi</strong></span> <span class='ocrx_word' id='word_1_105' title='bbox 1050 1468 1142 1510; x_wconf 88' lang='lat' dir='ltr'><strong>unum</strong></span> <span class='ocrx_word' id='word_1_106' title='bbox 1164 1467 1223 1509; x_wconf 91' lang='lat' dir='ltr'><strong>uon</strong></span> <span class='ocrx_word' id='word_1_107' title='bbox 1244 1448 1339 1526; x_wconf 83' lang='lat' dir='ltr'><strong>patiar</strong></span> <span class='ocrx_word' id='word_1_108' title='bbox 1363 1444 1565 1522; x_wconf 70' lang='lat' dir='ltr'><strong>ignorarent</strong></span> 
     </span>
     <span class='ocr_line' id='line_1_12' title="bbox 269 1543 1543 1632; baseline -0.009 -19"><span class='ocrx_word' id='word_1_109' title='bbox 269 1553 348 1632; x_wconf 91' lang='lat' dir='ltr'><strong>quod</strong></span> <span class='ocrx_word' id='word_1_110' title='bbox 371 1551 468 1630; x_wconf 89' lang='lat' dir='ltr'><strong>palam</strong></span> <span class='ocrx_word' id='word_1_111' title='bbox 490 1551 584 1613; x_wconf 80' lang='lat' dir='ltr'><strong>fertur</strong></span> <span class='ocrx_word' id='word_1_112' title='bbox 606 1560 635 1612; x_wconf 93' lang='lat' dir='ltr'><strong>et</strong></span> <span class='ocrx_word' id='word_1_113' title='bbox 657 1569 711 1629; x_wconf 92' lang='lat' dir='ltr'><strong>pro</strong></span> <span class='ocrx_word' id='word_1_114' title='bbox 734 1559 854 1631; x_wconf 90' lang='lat' dir='ltr'><strong>recepto</strong></span> <span class='ocrx_word' id='word_1_115' title='bbox 876 1569 953 1630; x_wconf 91' lang='lat' dir='ltr'><strong>pene</strong></span> <span class='ocrx_word' id='word_1_116' title='bbox 975 1558 1035 1619; x_wconf 92' lang='lat' dir='ltr'><strong>est,</strong></span> <span class='ocrx_word' id='word_1_117' title='bbox 1058 1551 1204 1611; x_wconf 89' lang='lat' dir='ltr'><strong>neminem</strong></span> <span class='ocrx_word' id='word_1_118' title='bbox 1227 1566 1360 1627; x_wconf 87' lang='lat' dir='ltr'><strong>uuquam</strong></span> <span class='ocrx_word' id='word_1_119' title='bbox 1379 1543 1543 1607; x_wconf 76' lang='lat' dir='ltr'><strong>retuteru-</strong></span> 
     </span>
     <span class='ocr_line' id='line_1_13' title="bbox 268 1638 1612 1738; baseline -0.007 -25"><span class='ocrx_word' id='word_1_120' title='bbox 268 1652 388 1738; x_wconf 53' lang='lat'><strong>2333332:</strong></span> <span class='ocrx_word' id='word_1_121' title='bbox 400 1660 445 1696; x_wconf 57' lang='grc' dir='ltr'><strong>Μ·</strong></span> <span class='ocrx_word' id='word_1_122' title='bbox 468 1661 548 1730; x_wconf 77' lang='lat' dir='ltr'><strong>{tam</strong></span> <span class='ocrx_word' id='word_1_123' title='bbox 564 1654 662 1715; x_wconf 83' lang='lat' dir='ltr'><strong>finisse</strong></span> <span class='ocrx_word' id='word_1_124' title='bbox 677 1655 727 1732; x_wconf 89' lang='lat' dir='ltr'><strong>qui</strong></span> <span class='ocrx_word' id='word_1_125' title='bbox 742 1642 928 1714; x_wconf 88' lang='lat' dir='ltr'><strong>sacerdotum</strong></span> <span class='ocrx_word' id='word_1_126' title='bbox 943 1652 1038 1713; x_wconf 90' lang='lat' dir='ltr'><strong>ordini</strong></span> <span class='ocrx_word' id='word_1_127' title='bbox 1060 1653 1190 1723; x_wconf 86' lang='lat' dir='ltr'><strong>intensus</strong></span> <span class='ocrx_word' id='word_1_128' title='bbox 1212 1638 1316 1719; x_wconf 84' lang='lat' dir='ltr'><strong>tuerit,</strong></span> <span class='ocrx_word' id='word_1_129' title='bbox 1339 1649 1430 1722; x_wconf 83' lang='lat' dir='ltr'><strong>etiam</strong></span> <span class='ocrx_word' id='word_1_130' title='bbox 1450 1646 1496 1725; x_wconf 92' lang='lat' dir='ltr'><strong>qui</strong></span> <span class='ocrx_word' id='word_1_131' title='bbox 1516 1643 1544 1702; x_wconf 89' lang='lat' dir='ltr'><strong>n&#39;·</strong></span> <span class='ocrx_word' id='word_1_132' title='bbox 1611 1731 1612 1737; x_wconf 6' lang='grc' dir='ltr'>ἵ</span> 
     </span>
     <span class='ocr_line' id='line_1_14' title="bbox 268 1755 1101 1820; baseline -0.005 -5"><span class='ocrx_word' id='word_1_133' title='bbox 268 1756 307 1815; x_wconf 89' lang='lat' dir='ltr'><strong>tia</strong></span> <span class='ocrx_word' id='word_1_134' title='bbox 330 1755 497 1814; x_wconf 89' lang='lat' dir='ltr'><strong>insectatus.</strong></span> <span class='ocrx_word' id='word_1_135' title='bbox 621 1817 624 1820; x_wconf 10' lang='grc' dir='ltr'><em>Α</em></span> <span class='ocrx_word' id='word_1_136' title='bbox 1099 1772 1101 1776; x_wconf 67' lang='grc'>’</span> 
     </span>
    </p>

    <p class='ocr_par' dir='ltr' id='par_1_4' title="bbox 200 1845 1575 2640">
     <span class='ocr_line' id='line_1_15' title="bbox 200 1845 1543 1933; baseline -0.004 -21"><span class='ocrx_word' id='word_1_137' title='bbox 200 1865 260 1912; x_wconf 72' lang='lat' dir='ltr'><strong>tta.</strong></span> <span class='ocrx_word' id='word_1_138' title='bbox 332 1874 531 1918; x_wconf 79' lang='lat' dir='ltr'><strong>rnanmsevs.</strong></span> <span class='ocrx_word' id='word_1_139' title='bbox 570 1855 636 1933; x_wconf 90' lang='lat' dir='ltr'><strong>lpse</strong></span> <span class='ocrx_word' id='word_1_140' title='bbox 657 1855 761 1916; x_wconf 89' lang='lat' dir='ltr'><strong>melius</strong></span> <span class='ocrx_word' id='word_1_141' title='bbox 783 1856 915 1915; x_wconf 88' lang='lat' dir='ltr'><strong>ominare</strong></span> <span class='ocrx_word' id='word_1_142' title='bbox 936 1854 1035 1924; x_wconf 79' lang='lat' dir='ltr'><strong>uobis:</strong></span> <span class='ocrx_word' id='word_1_143' title='bbox 1059 1852 1127 1914; x_wconf 89' lang='lat' dir='ltr'><strong>illos·</strong></span> <span class='ocrx_word' id='word_1_144' title='bbox 1145 1861 1243 1914; x_wconf 91' lang='lat' dir='ltr'><strong>antem</strong></span> <span class='ocrx_word' id='word_1_145' title='bbox 1265 1851 1350 1913; x_wconf 83' lang='lat' dir='ltr'><strong>tacite</strong></span> <span class='ocrx_word' id='word_1_146' title='bbox 1374 1852 1469 1930; x_wconf 87' lang='lat' dir='ltr'><strong>patior</strong></span> <span class='ocrx_word' id='word_1_147' title='bbox 1488 1845 1543 1908; x_wconf 84' lang='lat' dir='ltr'><strong>dia·</strong></span> 
     </span>
     <span class='ocr_line' id='line_1_16' title="bbox 268 1951 1562 2034; baseline -0.005 -19"><span class='ocrx_word' id='word_1_148' title='bbox 268 1957 305 2015; x_wconf 88' lang='lat' dir='ltr'><strong>tis</strong></span> <span class='ocrx_word' id='word_1_149' title='bbox 327 1955 363 2016; x_wconf 92' lang='lat' dir='ltr'><strong>ab</strong></span> <span class='ocrx_word' id='word_1_150' title='bbox 386 1974 418 2017; x_wconf 92' lang='lat' dir='ltr'><strong>se</strong></span> <span class='ocrx_word' id='word_1_151' title='bbox 440 1955 618 2016; x_wconf 89' lang='lat' dir='ltr'><strong>rumusculis</strong></span> <span class='ocrx_word' id='word_1_152' title='bbox 640 1963 747 2018; x_wconf 89' lang='lat' dir='ltr'><strong>statum</strong></span> <span class='ocrx_word' id='word_1_153' title='bbox 770 1958 845 2016; x_wconf 89' lang='lat' dir='ltr'><strong>tueri</strong></span> <span class='ocrx_word' id='word_1_154' title='bbox 867 1975 968 2025; x_wconf 89' lang='lat' dir='ltr'><strong>snum;</strong></span> <span class='ocrx_word' id='word_1_155' title='bbox 992 1963 1079 2034; x_wconf 89' lang='lat' dir='ltr'><strong>atque</strong></span> <span class='ocrx_word' id='word_1_156' title='bbox 1101 1957 1211 2016; x_wconf 87' lang='lat' dir='ltr'><strong>utinam</strong></span> <span class='ocrx_word' id='word_1_157' title='bbox 1234 1972 1293 2015; x_wconf 90' lang='lat' dir='ltr'><strong>non</strong></span> <span class='ocrx_word' id='word_1_158' title='bbox 1310 1961 1435 2031; x_wconf 86' lang='lat' dir='ltr'><strong>possent</strong></span> <span class='ocrx_word' id='word_1_159' title='bbox 1448 1951 1562 2012; x_wconf 76' lang='lat' dir='ltr'><strong>aliaret</strong></span> 
     </span>
     <span class='ocr_line' id='line_1_17' title="bbox 267 2051 1542 2135; baseline -0.005 -19"><span class='ocrx_word' id='word_1_160' title='bbox 267 2075 364 2135; x_wconf 91' lang='lat' dir='ltr'><strong>neque</strong></span> <span class='ocrx_word' id='word_1_161' title='bbox 385 2056 463 2117; x_wconf 92' lang='lat' dir='ltr'><strong>aliud</strong></span> <span class='ocrx_word' id='word_1_162' title='bbox 485 2056 630 2118; x_wconf 82' lang='lat' dir='ltr'><strong>haberent</strong></span> <span class='ocrx_word' id='word_1_163' title='bbox 652 2059 833 2135; x_wconf 72' lang='lat' dir='ltr'><strong>presidium!</strong></span> <span class='ocrx_word' id='word_1_164' title='bbox 862 2076 912 2118; x_wconf 93' lang='lat' dir='ltr'><strong>me</strong></span> <span class='ocrx_word' id='word_1_165' title='bbox 933 2076 1003 2117; x_wconf 88' lang='lat' dir='ltr'><strong>vero</strong></span> <span class='ocrx_word' id='word_1_166' title='bbox 1025 2056 1098 2117; x_wconf 91' lang='lat' dir='ltr'><strong>nibil</strong></span> <span class='ocrx_word' id='word_1_167' title='bbox 1125 2063 1242 2117; x_wconf 83' lang='lat' dir='ltr'><strong>movent</strong></span> <span class='ocrx_word' id='word_1_168' title='bbox 1269 2072 1373 2132; x_wconf 79' lang='lat' dir='ltr'><strong>nugae,</strong></span> <span class='ocrx_word' id='word_1_169' title='bbox 1402 2051 1542 2132; x_wconf 83' lang='lat' dir='ltr'><strong>quinetiam</strong></span> 
     </span>
     <span class='ocr_line' id='line_1_18' title="bbox 270 2151 1542 2235; baseline -0.008 -18"><span class='ocrx_word' id='word_1_170' title='bbox 270 2175 378 2235; x_wconf 86' lang='lat' dir='ltr'><strong>magno</strong></span> <span class='ocrx_word' id='word_1_171' title='bbox 401 2156 576 2218; x_wconf 80' lang='lat' dir='ltr'><strong>fabulanteis</strong></span> <span class='ocrx_word' id='word_1_172' title='bbox 597 2159 661 2220; x_wconf 83' lang='lat' dir='ltr'><strong>haee</strong></span> <span class='ocrx_word' id='word_1_173' title='bbox 683 2158 749 2219; x_wconf 90' lang='lat' dir='ltr'><strong>illos</strong></span> <span class='ocrx_word' id='word_1_174' title='bbox 771 2161 869 2220; x_wconf 91' lang='lat' dir='ltr'><strong>animo</strong></span> <span class='ocrx_word' id='word_1_175' title='bbox 892 2166 1063 2220; x_wconf 87' lang='lat' dir='ltr'><strong>contemno:</strong></span> <span class='ocrx_word' id='word_1_176' title='bbox 1088 2159 1154 2217; x_wconf 84' lang='lat' dir='ltr'><strong>nori</strong></span> <span class='ocrx_word' id='word_1_177' title='bbox 1176 2157 1330 2218; x_wconf 91' lang='lat' dir='ltr'><strong>bominum</strong></span> <span class='ocrx_word' id='word_1_178' title='bbox 1346 2156 1471 2235; x_wconf 86' lang='lat' dir='ltr'><strong>ingenia,</strong></span> <span class='ocrx_word' id='word_1_179' title='bbox 1492 2151 1542 2212; x_wconf 88' lang='lat' dir='ltr'><strong>nori</strong></span> 
     </span>
     <span class='ocr_line' id='line_1_19' title="bbox 267 2255 1575 2338; baseline -0.005 -20"><span class='ocrx_word' id='word_1_180' title='bbox 267 2266 360 2319; x_wconf 89' lang='lat' dir='ltr'><strong>artes:</strong></span> <span class='ocrx_word' id='word_1_181' title='bbox 389 2258 440 2320; x_wconf 86' lang='lat' dir='ltr'><strong>sed</strong></span> <span class='ocrx_word' id='word_1_182' title='bbox 470 2259 593 2336; x_wconf 89' lang='lat' dir='ltr'><strong>posthac</strong></span> <span class='ocrx_word' id='word_1_183' title='bbox 620 2259 696 2321; x_wconf 88' lang='lat' dir='ltr'><strong>mate</strong></span> <span class='ocrx_word' id='word_1_184' title='bbox 725 2260 817 2321; x_wconf 88' lang='lat' dir='ltr'><strong>tident</strong></span> <span class='ocrx_word' id='word_1_185' title='bbox 838 2261 890 2320; x_wconf 92' lang='lat' dir='ltr'><strong>iis:</strong></span> <span class='ocrx_word' id='word_1_186' title='bbox 918 2266 1020 2338; x_wconf 89' lang='lat' dir='ltr'><strong>aperta</strong></span> <span class='ocrx_word' id='word_1_187' title='bbox 1041 2266 1109 2320; x_wconf 90' lang='lat' dir='ltr'><strong>sunt</strong></span> <span class='ocrx_word' id='word_1_188' title='bbox 1131 2259 1208 2319; x_wconf 90' lang='lat' dir='ltr'><strong>euim</strong></span> <span class='ocrx_word' id='word_1_189' title='bbox 1230 2265 1333 2336; x_wconf 88' lang='lat' dir='ltr'><strong>operta</strong></span> <span class='ocrx_word' id='word_1_190' title='bbox 1357 2276 1426 2336; x_wconf 86' lang='lat' dir='ltr'><strong>quae</strong></span> <span class='ocrx_word' id='word_1_191' title='bbox 1447 2255 1543 2315; x_wconf 85' lang='lat' dir='ltr'><strong>inerant</strong></span> <span class='ocrx_word' id='word_1_192' title='bbox 1571 2291 1575 2299; x_wconf 87' lang='lat'><em>·</em></span> 
     </span>
     <span class='ocr_line' id='line_1_20' title="bbox 267 2352 1541 2445; baseline -0.004 -26"><span class='ocrx_word' id='word_1_193' title='bbox 267 2361 365 2445; x_wconf 86' lang='lat' dir='ltr'><strong>prins,</strong></span> <span class='ocrx_word' id='word_1_194' title='bbox 389 2360 510 2421; x_wconf 73' lang='lat' dir='ltr'><strong>detectae</strong></span> <span class='ocrx_word' id='word_1_195' title='bbox 532 2361 665 2431; x_wconf 78' lang='lat' dir='ltr'><strong>fraudes,</strong></span> <span class='ocrx_word' id='word_1_196' title='bbox 689 2362 796 2439; x_wconf 89' lang='lat' dir='ltr'><strong>proditi</strong></span> <span class='ocrx_word' id='word_1_197' title='bbox 818 2360 892 2430; x_wconf 92' lang='lat' dir='ltr'><strong>doli,</strong></span> <span class='ocrx_word' id='word_1_198' title='bbox 920 2361 1065 2439; x_wconf 78' lang='lat' dir='ltr'><strong>praestigia</strong></span> <span class='ocrx_word' id='word_1_199' title='bbox 1096 2367 1205 2438; x_wconf 90' lang='lat' dir='ltr'><strong>patent.</strong></span> <span class='ocrx_word' id='word_1_200' title='bbox 1248 2362 1291 2420; x_wconf 90' lang='lat' dir='ltr'><strong>sic</strong></span> <span class='ocrx_word' id='word_1_201' title='bbox 1313 2358 1471 2438; x_wconf 90' lang='lat' dir='ltr'><strong>aliquando</strong></span> <span class='ocrx_word' id='word_1_202' title='bbox 1491 2352 1541 2415; x_wconf 78' lang='lat' dir='ltr'><strong>ret</strong></span> 
     </span>
     <span class='ocr_line' id='line_1_21' title="bbox 266 2453 1561 2546; baseline -0.005 -24"><span class='ocrx_word' id='word_1_203' title='bbox 266 2459 469 2546; x_wconf 57' lang='lat' dir='ltr'><strong>{gsstffiffiffl‘q</strong></span> <span class='ocrx_word' id='word_1_204' title='bbox 497 2463 614 2540; x_wconf 86' lang='lat' dir='ltr'><strong>gionem</strong></span> <span class='ocrx_word' id='word_1_205' title='bbox 636 2469 835 2540; x_wconf 89' lang='lat' dir='ltr'><strong>corruperunt</strong></span> <span class='ocrx_word' id='word_1_206' title='bbox 867 2463 1009 2541; x_wconf 90' lang='lat' dir='ltr'><strong>populum</strong></span> <span class='ocrx_word' id='word_1_207' title='bbox 1037 2462 1232 2523; x_wconf 82' lang='lat' dir='ltr'><strong>Christianum</strong></span> <span class='ocrx_word' id='word_1_208' title='bbox 1262 2461 1399 2521; x_wconf 89' lang='lat' dir='ltr'><strong>docendo</strong></span> <span class='ocrx_word' id='word_1_209' title='bbox 1426 2453 1561 2519; x_wconf 78' lang='lat' dir='ltr'><strong>sceterata</strong></span> 
     </span>
     <span class='ocr_line' id='line_1_22' title="bbox 268 2556 1542 2640; baseline -0.006 -18"><span class='ocrx_word' id='word_1_210' title='bbox 268 2562 410 2631; x_wconf 88' lang='lat' dir='ltr'><strong>homines,</strong></span> <span class='ocrx_word' id='word_1_211' title='bbox 433 2569 545 2622; x_wconf 91' lang='lat' dir='ltr'><strong>utnon</strong></span> <span class='ocrx_word' id='word_1_212' title='bbox 569 2563 674 2623; x_wconf 86' lang='lat' dir='ltr'><strong>Christi</strong></span> <span class='ocrx_word' id='word_1_213' title='bbox 696 2564 876 2632; x_wconf 86' lang='lat' dir='ltr'><strong>sacerdotes,</strong></span> <span class='ocrx_word' id='word_1_214' title='bbox 906 2563 956 2627; x_wconf 91' lang='lat' dir='ltr'><strong>sed</strong></span> <span class='ocrx_word' id='word_1_215' title='bbox 979 2566 1100 2625; x_wconf 77' lang='lat' dir='ltr'><strong>eroticae</strong></span> <span class='ocrx_word' id='word_1_216' title='bbox 1130 2563 1292 2640; x_wconf 92' lang='lat' dir='ltr'><strong>cuiuspiam</strong></span> <span class='ocrx_word' id='word_1_217' title='bbox 1320 2580 1355 2622; x_wconf 91' lang='lat' dir='ltr'><strong>ac</strong></span> <span class='ocrx_word' id='word_1_218' title='bbox 1384 2556 1542 2621; x_wconf 86' lang='lat' dir='ltr'><strong>detestanda</strong></span> 
     </span>
    </p>

    <p class='ocr_par' dir='ltr' id='par_1_5' title="bbox 200 2661 1574 3148">
     <span class='ocr_line' id='line_1_23' title="bbox 200 2661 1542 2742; baseline -0.004 -18"><span class='ocrx_word' id='word_1_219' title='bbox 200 2673 260 2724; x_wconf 72' lang='lat' dir='ltr'><strong>§.aa</strong></span> <span class='ocrx_word' id='word_1_220' title='bbox 269 2663 484 2742; x_wconf 88' lang='lat' dir='ltr'><strong>superstitionis</strong></span> <span class='ocrx_word' id='word_1_221' title='bbox 505 2663 660 2725; x_wconf 86' lang='lat' dir='ltr'><strong>sacrificuli</strong></span> <span class='ocrx_word' id='word_1_222' title='bbox 682 2664 860 2726; x_wconf 84' lang='lat' dir='ltr'><strong>viderentm.</strong></span> <span class='ocrx_word' id='word_1_223' title='bbox 905 2664 991 2726; x_wconf 90' lang='lat' dir='ltr'><strong>Nunc</strong></span> <span class='ocrx_word' id='word_1_224' title='bbox 1012 2664 1180 2725; x_wconf 71' lang='lat' dir='ltr'><strong>illuminate</strong></span> <span class='ocrx_word' id='word_1_225' title='bbox 1193 2663 1348 2724; x_wconf 92' lang='lat' dir='ltr'><strong>hominum</strong></span> <span class='ocrx_word' id='word_1_226' title='bbox 1364 2668 1477 2723; x_wconf 86' lang='lat' dir='ltr'><strong>mentes</strong></span> <span class='ocrx_word' id='word_1_227' title='bbox 1490 2661 1542 2719; x_wconf 81' lang='lat' dir='ltr'><strong>sunt</strong></span> 
     </span>
     <span class='ocr_line' id='line_1_24' title="bbox 266 2761 1542 2845; baseline -0.006 -20"><span class='ocrx_word' id='word_1_228' title='bbox 266 2761 456 2839; x_wconf 53' lang='lat' dir='ltr'><strong>sstlffi&#39;sssstgt</strong></span> <span class='ocrx_word' id='word_1_229' title='bbox 493 2764 632 2826; x_wconf 76' lang='lat' dir='ltr'><strong>abstersis</strong></span> <span class='ocrx_word' id='word_1_230' title='bbox 666 2764 796 2835; x_wconf 88' lang='lat' dir='ltr'><strong>nebulis;</strong></span> <span class='ocrx_word' id='word_1_231' title='bbox 830 2783 917 2845; x_wconf 90' lang='lat' dir='ltr'><strong>quam</strong></span> <span class='ocrx_word' id='word_1_232' title='bbox 951 2766 1037 2827; x_wconf 90' lang='lat' dir='ltr'><strong>nobis</strong></span> <span class='ocrx_word' id='word_1_233' title='bbox 1070 2767 1194 2827; x_wconf 83' lang='lat' dir='ltr'><strong>maxime</strong></span> <span class='ocrx_word' id='word_1_234' title='bbox 1230 2764 1329 2825; x_wconf 91' lang='lat' dir='ltr'><strong>lucem</strong></span> <span class='ocrx_word' id='word_1_235' title='bbox 1362 2765 1542 2839; x_wconf 77' lang='lat' dir='ltr'><strong>instinguente</strong></span> 
     </span>
     <span class='ocr_line' id='line_1_25' title="bbox 267 2860 1544 2946; baseline -0.002 -21"><span class='ocrx_word' id='word_1_236' title='bbox 267 2866 382 2926; x_wconf 81' lang='lat' dir='ltr'><strong>Christo</strong></span> <span class='ocrx_word' id='word_1_237' title='bbox 395 2866 543 2926; x_wconf 86' lang='lat' dir='ltr'><strong>Lutberus</strong></span> <span class='ocrx_word' id='word_1_238' title='bbox 558 2866 706 2936; x_wconf 90' lang='lat' dir='ltr'><strong>accendit,</strong></span> <span class='ocrx_word' id='word_1_239' title='bbox 730 2886 818 2946; x_wconf 88' lang='lat' dir='ltr'><strong>quem</strong></span> <span class='ocrx_word' id='word_1_240' title='bbox 840 2869 890 2945; x_wconf 92' lang='lat' dir='ltr'><strong>qui</strong></span> <span class='ocrx_word' id='word_1_241' title='bbox 913 2867 989 2936; x_wconf 93' lang='lat' dir='ltr'><strong>odit,</strong></span> <span class='ocrx_word' id='word_1_242' title='bbox 1013 2867 1160 2929; x_wconf 85' lang='lat' dir='ltr'><strong>Christum</strong></span> <span class='ocrx_word' id='word_1_243' title='bbox 1176 2884 1235 2927; x_wconf 91' lang='lat' dir='ltr'><strong>non</strong></span> <span class='ocrx_word' id='word_1_244' title='bbox 1250 2873 1338 2926; x_wconf 89' lang='lat' dir='ltr'><strong>amat.</strong></span> <span class='ocrx_word' id='word_1_245' title='bbox 1374 2883 1466 2944; x_wconf 89' lang='lat' dir='ltr'><strong>quare</strong></span> <span class='ocrx_word' id='word_1_246' title='bbox 1480 2860 1544 2923; x_wconf 83' lang='lat' dir='ltr'><strong>hom</strong></span> 
     </span>
     <span class='ocr_line' id='line_1_26' title="bbox 267 2963 1574 3051; baseline -0.002 -25"><span class='ocrx_word' id='word_1_247' title='bbox 267 2985 426 3046; x_wconf 79' lang='lat' dir='ltr'><strong>sequamur</strong></span> <span class='ocrx_word' id='word_1_248' title='bbox 448 2973 592 3045; x_wconf 87' lang='lat' dir='ltr'><strong>quotquot</strong></span> <span class='ocrx_word' id='word_1_249' title='bbox 613 2985 715 3028; x_wconf 88' lang='lat' dir='ltr'><strong>snmus</strong></span> <span class='ocrx_word' id='word_1_250' title='bbox 738 2987 813 3048; x_wconf 93' lang='lat' dir='ltr'><strong>qnos</strong></span> <span class='ocrx_word' id='word_1_251' title='bbox 833 2968 983 3051; x_wconf 85' lang='lat' dir='ltr'><strong>religionis</strong></span> <span class='ocrx_word' id='word_1_252' title='bbox 1006 2975 1034 3030; x_wconf 90' lang='lat' dir='ltr'><strong>et</strong></span> <span class='ocrx_word' id='word_1_253' title='bbox 1056 2969 1134 3030; x_wconf 87' lang='lat' dir='ltr'><strong>fidei·</strong></span> <span class='ocrx_word' id='word_1_254' title='bbox 1153 2977 1239 3029; x_wconf 84' lang='lat' dir='ltr'><strong>casus</strong></span> <span class='ocrx_word' id='word_1_255' title='bbox 1268 2973 1438 3044; x_wconf 86' lang='lat' dir='ltr'><strong>permoret;</strong></span> <span class='ocrx_word' id='word_1_256' title='bbox 1465 2963 1574 3041; x_wconf 75' lang='lat' dir='ltr'><strong>impe-²⁵</strong></span> 
     </span>
     <span class='ocr_line' id='line_1_27' title="bbox 268 3064 1553 3148; baseline -0.002 -22"><span class='ocrx_word' id='word_1_257' title='bbox 268 3076 363 3128; x_wconf 90' lang='lat' dir='ltr'><strong>stores</strong></span> <span class='ocrx_word' id='word_1_258' title='bbox 386 3085 453 3127; x_wconf 89' lang='lat' dir='ltr'><strong>vero</strong></span> <span class='ocrx_word' id='word_1_259' title='bbox 476 3068 546 3127; x_wconf 87' lang='lat' dir='ltr'><strong>istos</strong></span> <span class='ocrx_word' id='word_1_260' title='bbox 568 3069 679 3129; x_wconf 91' lang='lat' dir='ltr'><strong>mundo</strong></span> <span class='ocrx_word' id='word_1_261' title='bbox 702 3070 853 3148; x_wconf 83' lang='lat' dir='ltr'><strong>exigamus</strong></span> <span class='ocrx_word' id='word_1_262' title='bbox 875 3078 904 3130; x_wconf 90' lang='lat' dir='ltr'><strong>et</strong></span> <span class='ocrx_word' id='word_1_263' title='bbox 926 3069 1039 3131; x_wconf 90' lang='lat' dir='ltr'><strong>abiecto</strong></span> <span class='ocrx_word' id='word_1_264' title='bbox 1062 3072 1143 3148; x_wconf 80' lang='lat' dir='ltr'><strong>gravi</strong></span> <span class='ocrx_word' id='word_1_265' title='bbox 1170 3089 1205 3131; x_wconf 90' lang='lat' dir='ltr'><strong>ac</strong></span> <span class='ocrx_word' id='word_1_266' title='bbox 1232 3067 1414 3147; x_wconf 88' lang='lat' dir='ltr'><strong>importabili</strong></span> <span class='ocrx_word' id='word_1_267' title='bbox 1440 3064 1553 3142; x_wconf 81' lang='lat' dir='ltr'><strong>iugoin</strong></span> 
     </span>
    </p>

    <p class='ocr_par' dir='ltr' id='par_1_6' title="bbox 199 3168 1615 3958">
     <span class='ocr_line' id='line_1_28' title="bbox 199 3168 1555 3247; baseline 0.001 -23"><span class='ocrx_word' id='word_1_268' title='bbox 199 3175 257 3224; x_wconf 65' lang='lat' dir='ltr'><strong>tar.</strong></span> <span class='ocrx_word' id='word_1_269' title='bbox 267 3168 433 3230; x_wconf 89' lang='lat' dir='ltr'><strong>libertatem</strong></span> <span class='ocrx_word' id='word_1_270' title='bbox 455 3187 509 3227; x_wconf 90' lang='lat' dir='ltr'><strong>nos</strong></span> <span class='ocrx_word' id='word_1_271' title='bbox 532 3188 600 3230; x_wconf 85' lang='lat' dir='ltr'><strong>vere</strong></span> <span class='ocrx_word' id='word_1_272' title='bbox 622 3169 816 3232; x_wconf 80' lang='lat' dir='ltr'><strong>Christianam</strong></span> <span class='ocrx_word' id='word_1_273' title='bbox 844 3171 1024 3232; x_wconf 91' lang='lat' dir='ltr'><strong>adseramns.</strong></span> <span class='ocrx_word' id='word_1_274' title='bbox 1069 3172 1124 3232; x_wconf 91' lang='lat' dir='ltr'><strong>Ubi</strong></span> <span class='ocrx_word' id='word_1_275' title='bbox 1152 3171 1238 3246; x_wconf 84' lang='lat' dir='ltr'><strong>bene</strong></span> <span class='ocrx_word' id='word_1_276' title='bbox 1256 3169 1344 3231; x_wconf 88' lang='lat' dir='ltr'><strong>iubeo</strong></span> <span class='ocrx_word' id='word_1_277' title='bbox 1372 3186 1493 3247; x_wconf 86' lang='lat' dir='ltr'><strong>sperare</strong></span> <span class='ocrx_word' id='word_1_278' title='bbox 1513 3175 1555 3225; x_wconf 74' lang='lat' dir='ltr'><strong>te:</strong></span> 
     </span>
     <span class='ocr_line' id='line_1_29' title="bbox 266 3266 1566 3351; baseline -0.001 -23"><span class='ocrx_word' id='word_1_279' title='bbox 266 3286 332 3328; x_wconf 90' lang='lat' dir='ltr'><strong>nam</strong></span> <span class='ocrx_word' id='word_1_280' title='bbox 356 3277 389 3329; x_wconf 93' lang='lat' dir='ltr'><strong>ut</strong></span> <span class='ocrx_word' id='word_1_281' title='bbox 410 3268 553 3347; x_wconf 88' lang='lat' dir='ltr'><strong>intelligas</strong></span> <span class='ocrx_word' id='word_1_282' title='bbox 575 3288 634 3330; x_wconf 90' lang='lat' dir='ltr'><strong>non</strong></span> <span class='ocrx_word' id='word_1_283' title='bbox 657 3273 773 3348; x_wconf 89' lang='lat' dir='ltr'><strong>penitus</strong></span> <span class='ocrx_word' id='word_1_284' title='bbox 794 3270 948 3333; x_wconf 82' lang='lat' dir='ltr'><strong>infeliciter</strong></span> <span class='ocrx_word' id='word_1_285' title='bbox 970 3274 1065 3351; x_wconf 85' lang='lat' dir='ltr'><strong>egisse</strong></span> <span class='ocrx_word' id='word_1_286' title='bbox 1086 3273 1199 3333; x_wconf 88' lang='lat' dir='ltr'><strong>omneis</strong></span> <span class='ocrx_word' id='word_1_287' title='bbox 1221 3273 1271 3350; x_wconf 93' lang='lat' dir='ltr'><strong>qui</strong></span> <span class='ocrx_word' id='word_1_288' title='bbox 1286 3268 1493 3331; x_wconf 86' lang='lat' dir='ltr'><strong>sacerdotibus</strong></span> <span class='ocrx_word' id='word_1_289' title='bbox 1506 3266 1566 3327; x_wconf 68' lang='lat' dir='ltr'><strong>ini‘</strong></span> 
     </span>
     <span class='ocr_line' id='line_1_30' title="bbox 266 3365 1567 3452; baseline -0.005 -17"><span class='ocrx_word' id='word_1_290' title='bbox 266 3366 357 3444; x_wconf 49' lang='lat' dir='ltr'><strong>lm·</strong></span> <span class='ocrx_word' id='word_1_291' title='bbox 370 3367 406 3401; x_wconf 77' lang='lat'><strong>⁸⁰·</strong></span> <span class='ocrx_word' id='word_1_292' title='bbox 428 3365 436 3433; x_wconf 96' lang='grc' dir='ltr'>Ι</span> <span class='ocrx_word' id='word_1_293' title='bbox 458 3370 526 3430; x_wconf 90' lang='lat' dir='ltr'><strong>mici</strong></span> <span class='ocrx_word' id='word_1_294' title='bbox 547 3372 683 3440; x_wconf 83' lang='lat' dir='ltr'><strong>luerunt,</strong></span> <span class='ocrx_word' id='word_1_295' title='bbox 713 3393 729 3432; x_wconf 91' lang='lat' dir='ltr'><strong>e</strong></span> <span class='ocrx_word' id='word_1_296' title='bbox 757 3372 855 3433; x_wconf 89' lang='lat' dir='ltr'><strong>multis</strong></span> <span class='ocrx_word' id='word_1_297' title='bbox 882 3391 974 3434; x_wconf 89' lang='lat' dir='ltr'><strong>unum</strong></span> <span class='ocrx_word' id='word_1_298' title='bbox 1001 3373 1054 3435; x_wconf 90' lang='lat' dir='ltr'><strong>tibi</strong></span> <span class='ocrx_word' id='word_1_299' title='bbox 1082 3391 1230 3452; x_wconf 88' lang='lat' dir='ltr'><strong>propone,</strong></span> <span class='ocrx_word' id='word_1_300' title='bbox 1260 3372 1416 3433; x_wconf 90' lang='lat' dir='ltr'><strong>Boiemnm</strong></span> <span class='ocrx_word' id='word_1_301' title='bbox 1439 3371 1567 3431; x_wconf 77' lang='lat' dir='ltr'><strong>ziseam.</strong></span> 
     </span>
     <span class='ocr_line' id='line_1_31' title="bbox 268 3457 1613 3552; baseline 0.003 -25"><span class='ocrx_word' id='word_1_302' title='bbox 268 3470 338 3528; x_wconf 91' lang='lat' dir='ltr'><strong>tanti</strong></span> <span class='ocrx_word' id='word_1_303' title='bbox 367 3468 478 3529; x_wconf 90' lang='lat' dir='ltr'><strong>tamdiu</strong></span> <span class='ocrx_word' id='word_1_304' title='bbox 506 3469 574 3530; x_wconf 91' lang='lat' dir='ltr'><strong>belli</strong></span> <span class='ocrx_word' id='word_1_305' title='bbox 592 3480 699 3531; x_wconf 86' lang='lat' dir='ltr'><strong>contra</strong></span> <span class='ocrx_word' id='word_1_306' title='bbox 721 3474 890 3535; x_wconf 88' lang='lat' dir='ltr'><strong>sacerdotes</strong></span> <span class='ocrx_word' id='word_1_307' title='bbox 912 3474 1017 3535; x_wconf 87' lang='lat' dir='ltr'><strong>ducem</strong></span> <span class='ocrx_word' id='word_1_308' title='bbox 1040 3476 1276 3534; x_wconf 76' lang='lat' dir='ltr'><strong>invictissimum:</strong></span> <span class='ocrx_word' id='word_1_309' title='bbox 1305 3474 1353 3533; x_wconf 89' lang='lat' dir='ltr'><strong>cui</strong></span> <span class='ocrx_word' id='word_1_310' title='bbox 1383 3473 1454 3552; x_wconf 93' lang='lat' dir='ltr'><strong>quid</strong></span> <span class='ocrx_word' id='word_1_311' title='bbox 1477 3457 1613 3532; x_wconf 56' lang='lat' dir='ltr'><strong>deest&#39;u</strong></span> 
     </span>
     <span class='ocr_line' id='line_1_32' title="bbox 266 3557 1586 3653; baseline 0.004 -27"><span class='ocrx_word' id='word_1_312' title='bbox 266 3568 301 3628; x_wconf 95' lang='lat' dir='ltr'><strong>ad</strong></span> <span class='ocrx_word' id='word_1_313' title='bbox 326 3577 559 3631; x_wconf 88' lang='lat' dir='ltr'><strong>consummatam</strong></span> <span class='ocrx_word' id='word_1_314' title='bbox 578 3575 687 3632; x_wconf 90' lang='lat' dir='ltr'><strong>summi</strong></span> <span class='ocrx_word' id='word_1_315' title='bbox 710 3557 896 3653; x_wconf 76' lang='lat' dir='ltr'><strong>im&#39;peratoris</strong></span> <span class='ocrx_word' id='word_1_316' title='bbox 918 3574 1058 3653; x_wconf 74' lang='lat' dir='ltr'><strong>gloriam?</strong></span> <span class='ocrx_word' id='word_1_317' title='bbox 1081 3590 1178 3637; x_wconf 90' lang='lat' dir='ltr'><strong>nonne</strong></span> <span class='ocrx_word' id='word_1_318' title='bbox 1201 3575 1276 3634; x_wconf 93' lang='lat' dir='ltr'><strong>hanc</strong></span> <span class='ocrx_word' id='word_1_319' title='bbox 1299 3583 1366 3651; x_wconf 88' lang='lat' dir='ltr'><strong>post</strong></span> <span class='ocrx_word' id='word_1_320' title='bbox 1389 3593 1422 3635; x_wconf 86' lang='lat' dir='ltr'><strong>se</strong></span> <span class='ocrx_word' id='word_1_321' title='bbox 1446 3572 1586 3633; x_wconf 66' lang='lat' dir='ltr'><strong>lauden»</strong></span> 
     </span>
     <span class='ocr_line' id='line_1_33' title="bbox 268 3668 1590 3754; baseline 0.002 -26"><span class='ocrx_word' id='word_1_322' title='bbox 268 3668 387 3748; x_wconf 87' lang='lat' dir='ltr'><strong>reliquit</strong></span> <span class='ocrx_word' id='word_1_323' title='bbox 408 3688 424 3729; x_wconf 91' lang='lat' dir='ltr'><strong>a</strong></span> <span class='ocrx_word' id='word_1_324' title='bbox 448 3673 600 3749; x_wconf 80' lang='lat' dir='ltr'><strong>tyrannide</strong></span> <span class='ocrx_word' id='word_1_325' title='bbox 623 3677 745 3751; x_wconf 89' lang='lat' dir='ltr'><strong>patriam</strong></span> <span class='ocrx_word' id='word_1_326' title='bbox 769 3675 848 3754; x_wconf 92' lang='lat' dir='ltr'><strong>quod</strong></span> <span class='ocrx_word' id='word_1_327' title='bbox 871 3676 1051 3744; x_wconf 88' lang='lat' dir='ltr'><strong>liberaverit,</strong></span> <span class='ocrx_word' id='word_1_328' title='bbox 1075 3684 1134 3736; x_wconf 87' lang='lat' dir='ltr'><strong>tnta</strong></span> <span class='ocrx_word' id='word_1_329' title='bbox 1157 3676 1285 3736; x_wconf 88' lang='lat' dir='ltr'><strong>Boiemia</strong></span> <span class='ocrx_word' id='word_1_330' title='bbox 1309 3675 1446 3735; x_wconf 89' lang='lat' dir='ltr'><strong>homiues</strong></span> <span class='ocrx_word' id='word_1_331' title='bbox 1470 3672 1590 3734; x_wconf 62' lang='lat' dir='ltr'><strong>nihili,</strong></span> 
     </span>
     <span class='ocr_line' id='line_1_34' title="bbox 266 3770 1612 3854; baseline 0.002 -24"><span class='ocrx_word' id='word_1_332' title='bbox 266 3771 379 3831; x_wconf 88' lang='lat' dir='ltr'><strong>ociosos</strong></span> <span class='ocrx_word' id='word_1_333' title='bbox 401 3770 549 3833; x_wconf 82' lang='lat' dir='ltr'><strong>sacrificos</strong></span> <span class='ocrx_word' id='word_1_334' title='bbox 571 3783 601 3834; x_wconf 90' lang='lat' dir='ltr'><strong>et</strong></span> <span class='ocrx_word' id='word_1_335' title='bbox 621 3775 731 3837; x_wconf 89' lang='lat' dir='ltr'><strong>inertes</strong></span> <span class='ocrx_word' id='word_1_336' title='bbox 753 3778 913 3851; x_wconf 85' lang='lat' dir='ltr'><strong>monachos</strong></span> <span class='ocrx_word' id='word_1_337' title='bbox 935 3777 1071 3838; x_wconf 77' lang='lat' dir='ltr'><strong>eiecerit?</strong></span> <span class='ocrx_word' id='word_1_338' title='bbox 1093 3778 1170 3838; x_wconf 91' lang='lat' dir='ltr'><strong>hona</strong></span> <span class='ocrx_word' id='word_1_339' title='bbox 1193 3777 1310 3838; x_wconf 88' lang='lat' dir='ltr'><strong>illorum</strong></span> <span class='ocrx_word' id='word_1_340' title='bbox 1333 3778 1441 3854; x_wconf 87' lang='lat' dir='ltr'><strong>partim</strong></span> <span class='ocrx_word' id='word_1_341' title='bbox 1459 3777 1612 3835; x_wconf 60' lang='lat' dir='ltr'><strong>comrffi</strong></span> 
     </span>
     <span class='ocr_line' id='line_1_35' title="bbox 267 3871 1615 3958; baseline 0.002 -26"><span class='ocrx_word' id='word_1_342' title='bbox 267 3874 316 3952; x_wconf 92' lang='lat' dir='ltr'><strong>qui</strong></span> <span class='ocrx_word' id='word_1_343' title='bbox 340 3871 526 3935; x_wconf 86' lang='lat' dir='ltr'><strong>contulerant</strong></span> <span class='ocrx_word' id='word_1_344' title='bbox 553 3875 734 3947; x_wconf 77' lang='lat' dir='ltr'><strong>heredibus,</strong></span> <span class='ocrx_word' id='word_1_345' title='bbox 764 3881 871 3956; x_wconf 90' lang='lat' dir='ltr'><strong>partim</strong></span> <span class='ocrx_word' id='word_1_346' title='bbox 898 3878 1067 3958; x_wconf 70' lang='lat' dir='ltr'><strong>reipublice</strong></span> <span class='ocrx_word' id='word_1_347' title='bbox 1095 3878 1294 3939; x_wconf 81' lang='lat' dir='ltr'><strong>distribuerit?</strong></span> <span class='ocrx_word' id='word_1_348' title='bbox 1323 3876 1467 3937; x_wconf 85' lang='lat' dir='ltr'><strong>Romanis</strong></span> <span class='ocrx_word' id='word_1_349' title='bbox 1489 3876 1615 3935; x_wconf 57' lang='lat' dir='ltr'><strong>intel</strong></span> 
     </span>
    </p>

    <p class='ocr_par' dir='ltr' id='par_1_7' title="bbox 212 3972 1545 4057">
     <span class='ocr_line' id='line_1_36' title="bbox 212 3972 1545 4057; baseline 0.002 -25"><span class='ocrx_word' id='word_1_350' title='bbox 212 4016 218 4028; x_wconf 88' lang='lat'><strong>.</strong></span> <span class='ocrx_word' id='word_1_351' title='bbox 237 3972 442 4035; x_wconf 67' lang='lat' dir='ltr'><strong>natationibus</strong></span> <span class='ocrx_word' id='word_1_352' title='bbox 471 3982 499 4035; x_wconf 91' lang='lat' dir='ltr'><strong>et</strong></span> <span class='ocrx_word' id='word_1_353' title='bbox 520 3976 693 4040; x_wconf 85' lang='lat' dir='ltr'><strong>Pontificum</strong></span> <span class='ocrx_word' id='word_1_354' title='bbox 716 3981 827 4057; x_wconf 89' lang='lat' dir='ltr'><strong>rapinis</strong></span> <span class='ocrx_word' id='word_1_355' title='bbox 849 3987 958 4042; x_wconf 87' lang='lat' dir='ltr'><strong>terram</strong></span> <span class='ocrx_word' id='word_1_356' title='bbox 988 3979 1142 4041; x_wconf 78' lang='lat' dir='ltr'><strong>clauserit?</strong></span> <span class='ocrx_word' id='word_1_357' title='bbox 1169 3978 1367 4040; x_wconf 86' lang='lat' dir='ltr'><strong>miserabilem</strong></span> <span class='ocrx_word' id='word_1_358' title='bbox 1392 3980 1486 4039; x_wconf 88' lang='lat' dir='ltr'><strong>saneti</strong></span> <span class='ocrx_word' id='word_1_359' title='bbox 1509 3977 1545 4036; x_wconf 91' lang='lat' dir='ltr'><strong>bo</strong></span> 
     </span>
    </p>
   </div>
   <div class='ocr_carea' id='block_1_3' title="bbox 267 4146 1616 4739">
    <p class='ocr_par' dir='ltr' id='par_1_8' title="bbox 267 4146 1616 4739">
     <span class='ocr_line' id='line_1_37' title="bbox 334 4146 1600 4240; baseline 0.001 -29"><span class='ocrx_word' id='word_1_360' title='bbox 334 4159 518 4240; x_wconf 32' lang='lat' dir='ltr'><strong>”opraestygiu</strong></span> <span class='ocrx_word' id='word_1_361' title='bbox 528 4167 551 4211; x_wconf 81' lang='lat' dir='ltr'><strong>t.</strong></span> <span class='ocrx_word' id='word_1_362' title='bbox 592 4162 611 4195; x_wconf 85' lang='lat'><strong>²¹</strong></span> <span class='ocrx_word' id='word_1_363' title='bbox 623 4164 759 4214; x_wconf 81' lang='lat' dir='ltr'><strong>testandae</strong></span> <span class='ocrx_word' id='word_1_364' title='bbox 770 4167 827 4215; x_wconf 84' lang='lat' dir='ltr'><strong>edd.</strong></span> <span class='ocrx_word' id='word_1_365' title='bbox 843 4198 844 4201; x_wconf 58' lang='lat'><em>=</em></span> <span class='ocrx_word' id='word_1_366' title='bbox 865 4163 886 4195; x_wconf 78' lang='lat'><strong>²⁹</strong></span> <span class='ocrx_word' id='word_1_367' title='bbox 895 4166 1015 4216; x_wconf 86' lang='lat' dir='ltr'><strong>Ioannes</strong></span> <span class='ocrx_word' id='word_1_368' title='bbox 1026 4182 1042 4216; x_wconf 87' lang='lat' dir='ltr'><strong>a</strong></span> <span class='ocrx_word' id='word_1_369' title='bbox 1052 4167 1209 4238; x_wconf 86' lang='lat' dir='ltr'><strong>Trocznow,</strong></span> <span class='ocrx_word' id='word_1_370' title='bbox 1226 4172 1324 4230; x_wconf 85' lang='lat' dir='ltr'><strong>postea</strong></span> <span class='ocrx_word' id='word_1_371' title='bbox 1333 4165 1423 4215; x_wconf 76' lang='lat' dir='ltr'><strong>Zraka</strong></span> <span class='ocrx_word' id='word_1_372' title='bbox 1433 4163 1582 4226; x_wconf 59' lang='lat' dir='ltr'><strong>(Tzizkv</strong></span> <span class='ocrx_word' id='word_1_373' title='bbox 1599 4146 1600 4149; x_wconf 9' lang='grc' dir='ltr'><strong>Ἴ</strong></span> 
     </span>
     <span class='ocr_line' id='line_1_38' title="bbox 267 4235 1544 4316; baseline 0.003 -23"><span class='ocrx_word' id='word_1_374' title='bbox 267 4243 442 4294; x_wconf 85' lang='lat' dir='ltr'><strong>Hassitarnm</strong></span> <span class='ocrx_word' id='word_1_375' title='bbox 461 4247 528 4311; x_wconf 75' lang='lat' dir='ltr'><strong>dux,</strong></span> <span class='ocrx_word' id='word_1_376' title='bbox 549 4263 574 4296; x_wconf 87' lang='lat' dir='ltr'><strong>a.</strong></span> <span class='ocrx_word' id='word_1_377' title='bbox 585 4247 657 4296; x_wconf 73' lang='lat'>1419.</span> <span class='ocrx_word' id='word_1_378' title='bbox 671 4254 734 4312; x_wconf 89' lang='lat' dir='ltr'><strong>post</strong></span> <span class='ocrx_word' id='word_1_379' title='bbox 746 4243 907 4299; x_wconf 80' lang='lat' dir='ltr'><strong>Wenceslai</strong></span> <span class='ocrx_word' id='word_1_380' title='bbox 920 4253 994 4316; x_wconf 82' lang='lat' dir='ltr'><strong>regia</strong></span> <span class='ocrx_word' id='word_1_381' title='bbox 1006 4256 1121 4301; x_wconf 88' lang='lat' dir='ltr'><strong>mortem</strong></span> <span class='ocrx_word' id='word_1_382' title='bbox 1134 4235 1407 4315; x_wconf 86' lang='lat' dir='ltr'><strong>rusticostotumqua</strong></span> <span class='ocrx_word' id='word_1_383' title='bbox 1420 4249 1544 4299; x_wconf 88' lang='lat' dir='ltr'><strong>Behemi</strong></span> 
     </span>
     <span class='ocr_line' id='line_1_39' title="bbox 269 4327 1535 4400; baseline 0.003 -24"><span class='ocrx_word' id='word_1_384' title='bbox 269 4327 396 4393; x_wconf 90' lang='lat' dir='ltr'><strong>populum</strong></span> <span class='ocrx_word' id='word_1_385' title='bbox 416 4335 513 4381; x_wconf 88' lang='lat' dir='ltr'><strong>contra</strong></span> <span class='ocrx_word' id='word_1_386' title='bbox 532 4330 682 4382; x_wconf 83' lang='lat' dir='ltr'><strong>Germanos</strong></span> <span class='ocrx_word' id='word_1_387' title='bbox 701 4338 731 4381; x_wconf 88' lang='lat' dir='ltr'><strong>ut</strong></span> <span class='ocrx_word' id='word_1_388' title='bbox 749 4332 813 4383; x_wconf 89' lang='lat' dir='ltr'><strong>fidei</strong></span> <span class='ocrx_word' id='word_1_389' title='bbox 832 4333 999 4385; x_wconf 73' lang='lat' dir='ltr'><strong>Christianae</strong></span> <span class='ocrx_word' id='word_1_390' title='bbox 1017 4342 1209 4400; x_wconf 80' lang='lat' dir='ltr'><strong>persecutores</strong></span> <span class='ocrx_word' id='word_1_391' title='bbox 1234 4334 1269 4384; x_wconf 85' lang='lat' dir='ltr'><strong>ad</strong></span> <span class='ocrx_word' id='word_1_392' title='bbox 1294 4350 1372 4393; x_wconf 84' lang='lat' dir='ltr'><strong>orme</strong></span> <span class='ocrx_word' id='word_1_393' title='bbox 1396 4333 1535 4385; x_wconf 79' lang='lat' dir='ltr'><strong>concitari</strong></span> 
     </span>
     <span class='ocr_line' id='line_1_40' title="bbox 269 4411 1616 4485; baseline 0.004 -25"><span class='ocrx_word' id='word_1_394' title='bbox 269 4411 377 4462; x_wconf 84' lang='lat' dir='ltr'><strong>Similia</strong></span> <span class='ocrx_word' id='word_1_395' title='bbox 395 4413 429 4463; x_wconf 89' lang='lat' dir='ltr'><strong>de</strong></span> <span class='ocrx_word' id='word_1_396' title='bbox 448 4415 533 4465; x_wconf 74' lang='lat' dir='ltr'><strong>ziela</strong></span> <span class='ocrx_word' id='word_1_397' title='bbox 554 4415 673 4466; x_wconf 84' lang='lat' dir='ltr'><strong>babebis</strong></span> <span class='ocrx_word' id='word_1_398' title='bbox 691 4417 764 4466; x_wconf 84' lang='lat' dir='ltr'><strong>inira</strong></span> <span class='ocrx_word' id='word_1_399' title='bbox 782 4419 810 4467; x_wconf 90' lang='lat' dir='ltr'><strong>in</strong></span> <span class='ocrx_word' id='word_1_400' title='bbox 829 4418 940 4485; x_wconf 82' lang='lat' dir='ltr'><strong>dialogo</strong></span> <span class='ocrx_word' id='word_1_401' title='bbox 950 4420 1169 4470; x_wconf 83' lang='lat' dir='ltr'><strong>Nenlraratbnns.</strong></span> <span class='ocrx_word' id='word_1_402' title='bbox 1197 4418 1424 4484; x_wconf 82' lang='lat' dir='ltr'><strong>InPouliLengi</strong></span> <span class='ocrx_word' id='word_1_403' title='bbox 1438 4418 1616 4468; x_wconf 49' lang='lat' dir='ltr'><strong>chronif</strong></span> 
     </span>
     <span class='ocr_line' id='line_1_41' title="bbox 268 4497 1535 4569; baseline 0.006 -24"><span class='ocrx_word' id='word_1_404' title='bbox 268 4501 326 4561; x_wconf 78' lang='lat' dir='ltr'><strong>(ap.</strong></span> <span class='ocrx_word' id='word_1_405' title='bbox 339 4497 486 4548; x_wconf 83' lang='lat' dir='ltr'><strong>Mencken.</strong></span> <span class='ocrx_word' id='word_1_406' title='bbox 500 4499 572 4549; x_wconf 84' lang='lat' dir='ltr'><strong>Serr.</strong></span> <span class='ocrx_word' id='word_1_407' title='bbox 586 4514 640 4550; x_wconf 88' lang='lat' dir='ltr'><strong>rer.</strong></span> <span class='ocrx_word' id='word_1_408' title='bbox 653 4501 745 4551; x_wconf 80' lang='lat' dir='ltr'><strong>Germ.</strong></span> <span class='ocrx_word' id='word_1_409' title='bbox 758 4502 795 4551; x_wconf 87' lang='lat'><strong>11.</strong></span> <span class='ocrx_word' id='word_1_410' title='bbox 809 4519 834 4567; x_wconf 93' lang='lat' dir='ltr'><strong>p.</strong></span> <span class='ocrx_word' id='word_1_411' title='bbox 849 4501 902 4567; x_wconf 81' lang='lat' dir='ltr'><strong>de.)</strong></span> <span class='ocrx_word' id='word_1_412' title='bbox 922 4504 1024 4568; x_wconf 83' lang='lat' dir='ltr'><strong>legitur</strong></span> <span class='ocrx_word' id='word_1_413' title='bbox 1041 4504 1164 4565; x_wconf 80' lang='lat' dir='ltr'><strong>„Eodem</strong></span> <span class='ocrx_word' id='word_1_414' title='bbox 1183 4520 1255 4554; x_wconf 82' lang='lat' dir='ltr'><strong>anno</strong></span> <span class='ocrx_word' id='word_1_415' title='bbox 1275 4500 1380 4569; x_wconf 59' lang='lat'>[1522]</span> <span class='ocrx_word' id='word_1_416' title='bbox 1392 4505 1535 4554; x_wconf 77' lang='lat' dir='ltr'><strong>Francisc</strong></span> 
     </span>
     <span class='ocr_line' id='line_1_42' title="bbox 269 4580 1614 4652; baseline 0.004 -23"><span class='ocrx_word' id='word_1_417' title='bbox 269 4580 303 4630; x_wconf 89' lang='lat' dir='ltr'><strong>de</strong></span> <span class='ocrx_word' id='word_1_418' title='bbox 322 4581 493 4646; x_wconf 82' lang='lat' dir='ltr'><strong>Sechingen,</strong></span> <span class='ocrx_word' id='word_1_419' title='bbox 517 4584 687 4646; x_wconf 80' lang='lat' dir='ltr'><strong>Teutonicus</strong></span> <span class='ocrx_word' id='word_1_420' title='bbox 711 4586 812 4637; x_wconf 82' lang='lat' dir='ltr'><strong>Ziseha</strong></span> <span class='ocrx_word' id='word_1_421' title='bbox 836 4592 864 4638; x_wconf 88' lang='lat' dir='ltr'><strong>et</strong></span> <span class='ocrx_word' id='word_1_422' title='bbox 887 4588 1231 4640; x_wconf 77' lang='lat' dir='ltr'><strong>fortissimusLntherano</strong></span> <span class='ocrx_word' id='word_1_423' title='bbox 1255 4596 1333 4640; x_wconf 89' lang='lat' dir='ltr'><strong>secte</strong></span> <span class='ocrx_word' id='word_1_424' title='bbox 1355 4588 1488 4638; x_wconf 83' lang='lat' dir='ltr'><strong>defensor</strong></span> <span class='ocrx_word' id='word_1_425' title='bbox 1509 4588 1614 4652; x_wconf 56' lang='lat' dir='ltr'><strong>pra*</strong></span> 
     </span>
     <span class='ocr_line' id='line_1_43' title="bbox 269 4666 1494 4739; baseline 0.01 -27"><span class='ocrx_word' id='word_1_426' title='bbox 269 4668 326 4713; x_wconf 87' lang='lat' dir='ltr'><strong>tres</strong></span> <span class='ocrx_word' id='word_1_427' title='bbox 343 4666 484 4731; x_wconf 86' lang='lat' dir='ltr'><strong>principes</strong></span> <span class='ocrx_word' id='word_1_428' title='bbox 549 4669 577 4718; x_wconf 93' lang='lat' dir='ltr'><strong>in</strong></span> <span class='ocrx_word' id='word_1_429' title='bbox 595 4684 644 4718; x_wconf 89' lang='lat' dir='ltr'><strong>suo</strong></span> <span class='ocrx_word' id='word_1_430' title='bbox 663 4676 755 4721; x_wconf 85' lang='lat' dir='ltr'><strong>castro</strong></span> <span class='ocrx_word' id='word_1_431' title='bbox 773 4671 889 4723; x_wconf 82' lang='lat' dir='ltr'><strong>Naustal</strong></span> <span class='ocrx_word' id='word_1_432' title='bbox 909 4669 935 4736; x_wconf 90' lang='lat' dir='ltr'><strong>[t.</strong></span> <span class='ocrx_word' id='word_1_433' title='bbox 948 4672 1075 4739; x_wconf 83' lang='lat' dir='ltr'><strong>Naustal]</strong></span> <span class='ocrx_word' id='word_1_434' title='bbox 1095 4675 1222 4725; x_wconf 82' lang='lat' dir='ltr'><strong>obsessus</strong></span> <span class='ocrx_word' id='word_1_435' title='bbox 1288 4675 1434 4726; x_wconf 80' lang='lat' dir='ltr'><strong>ceciderat</strong></span> <span class='ocrx_word' id='word_1_436' title='bbox 1450 4676 1494 4721; x_wconf 90' lang='grc'><strong>...”</strong></span> 
     </span>
    </p>
   </div>
   <div class='ocr_carea' id='block_1_4' title="bbox 0 0 1622 5422">
    <p class='ocr_par' dir='ltr' id='par_1_9' title="bbox 0 0 1622 5422">
     <span class='ocr_line' id='line_1_44' title="bbox 0 0 1622 5422; baseline 0 0"><span class='ocrx_word' id='word_1_437' title='bbox 0 0 1622 5422; x_wconf 95' lang='lat' dir='ltr'><strong> </strong></span> 
     </span>
    </p>
   </div>
  </div>
 </body>
</html>
