3210 5416
267 352 339 421 562
702 378 818 414 nraneor
831 366 1109 413 ‘reareouvrraurcu

328 538 578 593 Fordiuandus.
615 537 703 610 Pape,
732 536 794 610 quid
826 536 877 592 hee
908 534 946 590 rei
975 537 1035 591 est?
1065 535 1127 590 Vide
1156 551 1188 590 ue
1212 534 1239 589 in
1263 533 1353 609 palarn
1376 535 1402 590 id
1424 544 1481 590 aute
1500 536 1538 588 lri·
1592 539 1593 544 ’

264 625 346 679 alutam
369 623 465 679 clleras
488 623 626 695 protinus.
650 621 867 695 quandoquidem
891 621 916 675 id
940 619 1001 675 naali
1025 620 1123 675 einiuis
1146 637 1206 674 esse
1229 628 1409 691 augurantur.

328 708 479 763 Carolus.
517 708 703 780 Nequaquam:
725 723 817 761 verum
841 722 1002 760 evanescens
1025 705 1051 759 iu
1075 722 1166 760 auram
1189 703 1348 761 umhrarum
1371 722 1446 760 merc
1467 707 1537 759 inau-

264 812 321 849 rem
344 793 480 854 susurriit,
504 810 536 847 ne
560 792 624 865 quid
647 790 756 846 turhate
778 808 809 847 ae
831 788 931 864 pusillo
954 789 1043 845 auimo
1067 791 1167 851 ierem,
1190 807 1222 845 ac
1245 789 1359 845 monitis
1382 806 1537 864 praepropere

265 879 473 953 acquiescerem.
1543 893 1551 924 ι

111 955 117 970 ”
210 967 255 1016 l-l.
329 961 579 1020 Fordiuandus.
618 960 686 1017 Num
709 961 745 1016 aul
770 979 799 1016 se
828 960 968 1016 accersivit
996 967 1026 1013 ut
1054 958 1119 1014 elim
1141 961 1259 1015 heuman
1280 959 1417 1015 Anchises
1439 960 1464 1013 iu
1485 977 1538 1014 cau·

284 1067 327 1105 um
351 1046 379 1102 ΕΙ
401 1047 488 1103 sium?

264 1067 281 1122 p
326 1067 480 1187 Caryolus.
517 1130 591 1185 Adeo
614 1147 644 1185 ex
668 1147 747 1203 aeque
771 1129 844 1185 illias
867 1130 1063 1203 profectionem
1085 1129 1184 1184 metior
1205 1130 1538 1190 acmcumsenmiurn.ul

263 1218 394 1278 nesciam.
417 1215 553 1271 electurus
576 1221 618 1269 nc*
632 1215 681 1270 sim
705 1214 778 1270 illius
800 1215 982 1289 narrationem
1005 1213 1046 1269 vel
1070 1214 1163 1288 polius
1185 1213 1349 1287 praeclaram
1373 1233 1405 1270 ae
1421 1214 1538 1270 iucunda!
1598 1204 1599 1208 ἵ

263 1302 418 1357 memoriam
441 1301 491 1355 mei
515 1300 649 1356 insomnii.
1544 1312 1558 1349 o
1599 1366 1600 1369 Ἰ

328 1385 573 1441 Ροιιὶἰιιιιιιιίιιι.
611 1385 743 1442 Pervelim
764 1385 865 1441 audire.

329 1470 483 1526 Carolus.
521 1469 613 1525 Cestio
635 1486 746 1525 narrare
768 1479 912 1543 postquam
936 1466 1052 1525 rediere.

208 1567 270 1615 §.a
330 1555 580 1611 Fordinandus.
617 1554 800 1611 Proficiscens
823 1555 925 1626 igitur?

327 1639 483 1695 Carolus.
521 1639 557 1694 lta
580 1640 719 1695 decretum
742 1647 798 1700 cst.
822 1638 956 1712 siquidem
979 1639 1033 1694 hiis
1056 1639 1212 1712 parendum.

326 1725 575 1781 Feralinandus.
613 1723 747 1791 Quorsum
770 1724 833 1786 hec,
858 1723 1059 1780 amantissime?
1088 1723 1228 1779 instructis
1252 1724 1306 1779 iam
1330 1725 1420 1798 copiis
1443 1725 1556 1802 migranti

257 1810 325 1877 ‘dum
349 1810 475 1865 luisset'
468 1809 681 1872 mGermanias;
703 1807 828 1865 deiude
822 1809 964 1883 imperium
987 1807 1193 1870 vendicandum
1217 1804 1392 1882 persedendo
1409 1808 1495 1869 ltalia
1512 1817 1538 1863 at·

229 1902 232 1905 ’
263 1913 316 1969 qaae
339 1895 438 1951 ibidem
460 1892 655 1968 expugnandus
677 1894 778 1956 l'urea
808 1903 835 1948 et
864 1893 942 1949 turha
966 1889 1011 1949 illa
1035 1892 1160 1948 Simonis
1183 1894 1273 1965 magi;
1303 1892 1332 1979 in
1362 1894 1491 1951 ditionem
1509 1910 1536 1947 re

264 1977 380 2036 tecarula
403 1978 590 2035 lledielanum.
614 1978 676 2053 quid
695 1979 780 2035 hee
773 1994 825 2034 rana
848 1979 875 2033 in
898 1987 1015 2034 mentem
1038 1978 1127 2033 lenit?

327 2063 482 2120 Carolus
519 2066 607 2137 hique
630 2063 665 2119 eh
688 2063 739 2119 hoc
761 2064 887 2125 maxime
911 2080 965 2138 que
988 2063 1051 2136 quid
1074 2063 1205 2136 agendum
1230 2063 1267 2119 sit
1290 2064 1435 2139 experiar:
1464 2060 1536 2119 aleioh

263 2164 319 2224 quo
341 2150 445 2210 emiue;
467 2156 607 2222 postremo
629 2155 758 2221 quantum
781 2147 861 2204 uehis
882 2144 1065 2227 astipulentur
1086 2148 1148 2203 [ιιι.
1540 2157 1554 2196 t·

222 2256 252 2297 ..a
327 2232 578 2289 l'eralinandus.
616 2233 777 2289 Sullecerint
803 2234 835 2288 ad
858 2234 909 2288 hee
932 2233 1037 2305 negocii
1060 2224 1225 2288 Genethliaci
1256 2242 1284 2288 et
1308 2231 1483 2311 Philosophi,
1506 2229 1537 2286 de

263 2320 345 2394 nique
368 2327 396 2373 et
418 2315 498 2373 aulici
521 2318 609 2374 nestri
632 2327 758 2391 penates.
782 2326 812 2374 ut
834 2315 1048 2374 Carolocelaces.

325 2402 483 2459 Carolus.
520 2401 591 2457 Nihil
614 2400 708 2458 moror
730 2403 783 2458 hoc
805 2403 943 2459 hominum
967 2412 1062 2476 genus.
1086 2403 1187 2477 quippe
1211 2403 1284 2477 qued
1311 2404 1349 2459 ela
1372 2403 1505 2460 blanditias
1516 2408 1535 2453 et
1602 2411 1603 2418 ’

263 2492 381 2547 savorem
404 2504 499 2562 parum
522 2487 594 2561 hugi
617 2487 751 2550 considat,
775 2487 915 2562 planaque
938 2489 1017 2544 etiam
1040 2488 1204 2544 erueremur
1225 2482 1254 2542 in
1269 2489 1418 2553 'faverem
1442 2484 1534 2563 questi·
1602 2514 1603 2517 =

262 2576 304 2650 pis
327 2572 427 2646 aliquid
450 2572 622 2645 adipiscatur.
1538 2582 1554 2618 a

326 2657 573 2714 Fordiuandus.
611 2657 787 2714 Advocandus
814 2658 898 2730 igitur
921 2657 1029 2732 'lynesia
1059 2657 1156 2732 aliquis
1179 2656 1220 2713 vel
1243 2658 1395 2715 zoroastes
1418 2667 1460 2715 aul
1479 2664 1531 2713 cett

263 2743 410 2801 llercurius
433 2743 457 2798 ei
482 2758 573 2816 operae
597 2743 752 2817 specialiter
774 2741 892 2798 dedittls.

209 2846 254 2895 qe,
327 2827 481 2884 Carolus.
519 2826 610 2901 Neque
632 2827 729 2883 herum
753 2827 933 2884 lahulameuta
956 2828 1130 2901 magnifacio,
1152 2828 1250 2903 utpote
1274 2825 1456 2886 Christianus.

325 2913 577 2969 llerdiuandus.
615 2911 672 2979 Quo
696 2914 781 2984 igitur
802 2912 915 2969 ductore
937 2913 1136 2988 proficisceris?
1159 2913 1268 2969 numine
1291 2913 1389 2989 aliquo
1412 2924 1452 2969 est
1471 2927 1527 2985 opus.

326 2998 479 3055 Carolus.
517 3000 603 3070 htque
626 2997 678 3054 hec
700 2998 836 3071 quidem
829 3015 856 3052 m
879 3008 1009 3072 promptu
1030 3008 1086 3060 est
1108 2997 1279 3054 maximiliani
1296 2998 1409 3057 Genius.
1445 3000 1465 3053 is
1484 3002 1547 3068 spe!

261 3084 359 3160 pendit
381 3092 461 3139 necte
483 3083 535 3139 iam
558 3083 720 3157 intempesta
742 3100 771 3137 se
789 3083 953 3140 redituram.

328 3168 582 3224 Ferairuaualus
618 3166 713 3224 Faxiut
736 3167 843 3241 superi,
866 3177 896 3223 ut
919 3169 992 3224 hene
1015 3148 1142 3242 felicique
1165 3169 1273 3224 itinere.

207 3268 253 3316 §.a
327 3252 478 3308 Carolus.
517 3253 555 3308 Τιι
579 3253 686 3308 interim
709 3253 731 3307 si
756 3252 819 3325 quid
842 3254 948 3326 negocii
972 3254 1125 3315 obvenerit
1148 3254 1290 3328 expolite;
1315 3254 1432 3311 militum
1453 3267 1528 3327 pram

262 3339 363 3393 rierarm
387 3339 523 3409 ingentem
551 3354 681 3394 summam
708 3337 867 3400 conducite,
899 3356 954 3413 quo
977 3346 1079 3395 aestate
1100 3339 1224 3395 lutura
1218 3355 1246 3394 ιιι
1266 3339 1439 3396 Germaniam
1463 3335 1526 3391 seh-‘e

263 3440 330 3478 mus
368 3421 443 3476 sed
437 3439 488 3476 iam
512 3430 617 3496 tempus
639 3422 712 3477 suhit
736 3440 790 3495 que
813 3423 912 3479 ladani
936 3441 988 3497 ego
1010 3424 1038 3479 io
1057 3423 1179 3480 conclavi
1201 3441 1244 3478 nae
1267 3425 1402 3499 proripio.
1531 3424 1547 3462 ³⁵

325 3505 458 3562 Genius
495 3504 621 3568 lleus,e
643 3506 750 3562 Carele!
773 3524 807 3563 ee
829 3508 939 3564 adsoni:
961 3524 1070 3564 auream
1093 3517 1119 3564 te
1137 3525 1236 3564 sonam
1252 3526 1435 3582 praecingere
1456 3515 1479 3562 el
1495 3520 1525 3557 ci

262 3591 347 3647 darien
369 3589 451 3663 eap‘iti
473 3591 598 3652 salmone,
621 3592 775 3648 caduceum
797 3601 909 3664 gestans
930 3594 972 3648 iu
981 3593 1114 3650 mauihus.

327 3674 481 3732 Carolus
519 3677 607 3748 Atque
631 3676 667 3730 ita
690 3677 740 3732 iarn
763 3677 824 3733 leci.

209 3778 254 3829 §3
330 3760 463 3815 Genius.
501 3760 579 3815 Vates
607 3759 686 3815 uehis
712 3761 831 3817 adeunda
860 3762 951 3835 prius:
978 3747 1001 3818 si
1029 3763 1093 3837 quid
1116 3762 1203 3836 igitur
1225 3762 1383 3825 ehveuerit
1414 3780 1444 3817 ne
1463 3755 1524 3829 tapi-

261 3845 317 3901 des.
354 3845 430 3901 sed
423 3862 474 3900 ram
496 3861 539 3900 me
560 3861 683 3918 sequere
1112 3882 1113 3886 ,
1183 3887 1184 3890 ,
1527 3839 1543 3878 l‘
1603 3873 1605 3879 Α

326 3929 481 3986 Carolus.
519 3929 603 3989 Ellam
629 3948 739 4006 specum
769 3932 1025 4005 prelumlissimam
1044 3931 1178 4005 caligant
1212 3932 1302 3994 oculi:
1338 3949 1461 4008 quorsum
1486 3939 1522 3980 Μ
1601 3940 1604 3956 ”

264 4015 393 4071 alalucisl

328 4094 619 4156 Genius.dut1·uan
642 4110 683 4156 est
706 4100 876 4175 Sihyllinuui.

329 4185 481 4240 Carolus.
518 4186 639 4259 Erynues
662 4186 738 4241 video
762 4195 901 4242 tartareus.

329 4269 463 4325 Genius
500 4270 609 4344 Sibyllae
632 4280 712 4326 suut:
735 4288 791 4326 eam
815 4289 875 4344 quae
897 4272 985 4345 primo
1007 4271 1115 4345 prodit
1139 4233 1297 4332 Cumauam
1322 4226 1434 4327 aderire
1523 4273 1538 4312 ὅ

211 4365 256 4415 §.o
329 4353 484 4411 Carolus
522 4355 656 4413 Reiereer
678 4354 810 4412 vetulam:
834 4355 906 4412 salve
928 4357 1009 4414 anm!

264 4519 456 4528 ————

330 4616 352 4649 ²⁰
369 4620 494 4669 Tiresias
547 4620 591 4671 vel
603 4622 749 4677 Zoroaster
767 4625 794 4671 3.
847 4620 868 4654 ²⁸
886 4627 980 4673 vatum
999 4637 1195 4688 magorumque
1215 4638 1248 4672 es
1268 4619 1469 4687 antiquitatibus
1483 4608 1514 4661 al·

263 4701 322 4750 leto
340 4704 474 4768 exempla.
531 4703 553 4735 ⁸⁴
572 4713 661 4757 estote
680 4711 703 4757 1.
