3232 5422
210 369 301 420 VIIII.
373 383 629 419 99999999999999.
700 368 1155 430 999999999999999999.(9991).)
1255 353 1327 426 343

39 537 248 614 1999919111999,
273 558 338 617 qua
360 547 427 600 suut
447 546 472 598 91
497 539 567 615 ipsae
589 536 747 596 9991191999
770 555 805 595 ex
828 535 914 598 19991119
929 544 958 596 91
973 537 1147 598 Pontificum
1170 537 1177 604 1
1201 562 1318 598 oteramo.

39 641 188 718 ascriptis
211 659 334 720 corpus,
359 640 463 700 iacies?

96 763 274 803 evracrus.
313 742 448 819 Magnum
480 741 634 820 quiddam,
671 742 695 799 si
725 739 921 817 persuadeam
952 740 1134 818 principibus
1162 748 1191 800 91
1220 739 1328 818 populo

39 844 216 911 1191911999,
241 863 346 922 nempe
370 851 401 903 ut
423 849 584 903 9999999199·
606 850 632 901 91
657 840 829 902 aboleantur
845 842 975 917 19991199,
999 859 1057 901 999
1074 849 1132 902 19999
1147 842 1217 911 itte,
1241 861 1328 920 quam

39 946 207 1005 universum
230 947 275 1006 ius
296 947 485 1023 pontificium.

96 1067 248 1108 99999999.
286 1041 1399 1128 119991919991999999119,1999[999111191999199919919191911111,1,11,1,,97.

97 1167 271 1209 99999999.
309 1147 451 1226 Equidem
474 1150 497 1207 si
520 1145 659 1226 possum?

39 1288 40 1293 1
99 1269 250 1310 9999999.
289 1248 332 1311 Dii
356 1247 531 1325 prohibeant
553 1254 585 1306 ut
606 1248 748 1307 obtineas
786 1246 838 1306 sed
861 1265 948 1326 quam
971 1246 1010 1308 ob
1033 1265 1180 1316 caussam,
1204 1254 1246 1306 tot
1266 1248 1328 1325 pio·

39 1369 101 1410 rum
127 1351 296 1427 pontificum
319 1352 499 1418 sanctiones,
528 1357 569 1409 tot
596 1356 764 1423 sanctorum
788 1349 917 1408 uirorum
941 1349 1076 1409 decreta?

99 1471 275 1512 99999999.
314 1451 385 1518 Orda
409 1451 580 1511 traditiones
604 1450 753 1509 199991999999
778 1468 844 1509 9999
868 1452 939 1518 9191,
964 1451 1400 1517 91919911991999999919999

39 1554 137 1622 boeot,
172 1553 258 1612 etiam
282 1551 377 1621 beari,
412 1553 600 1629 praetereas
630 1551 695 1628 quis
722 1552 845 1629 propius
874 1552 1038 1620 intueatur,
1071 1551 1187 1611 lucrum
1216 1570 1333 1630 quoque

39 1652 551 1732 919999191999191119999999191991,
576 1671 664 1729 supra
688 1653 734 1710 dei
758 1662 854 1712 199999
879 1652 1013 1711 uraudata
1038 1650 1206 1713 extulerunt
1227 1672 1274 1721 se,
1305 1660 1333 1711 et

39 1773 113 1814 99999
137 1756 301 1814 iniecerunt
324 1754 451 1813 1991911999
474 1754 606 1814 199999919
630 1751 829 1831 importabile,
860 1760 889 1812 ct
917 1771 982 1831 quaa
1011 1752 1143 1814 Cluistus
1172 1772 1231 1813 nou
1259 1753 1331 1815 19919

39 1865 150 1917 tautum
173 1855 224 1915 sed
247 1855 373 1915 iucunda
397 1857 482 1915 etiam
506 1857 675 1934 proposuit,
708 1855 744 1914 ad
772 1872 911 1946 nauseam
941 1872 1032 1932 usque
1055 1856 1204 1917 etodium
1228 1875 1332 1934 aggra-

39 1965 151 2018 9999991.
198 1957 254 2017 Sed
278 1958 397 2017 tertium
420 1957 566 2036 responde
593 1957 680 2032 mibi,
710 1955 753 2016 991
782 1955 840 2015 1999
862 1955 952 2015 Leoni
981 1974 1059 2015 curae
1088 1964 1132 2016 991
1159 1975 1213 2035 pro
1243 1975 1433 2035 megetio„

39 2068 66 2118 991
89 2058 238 2119 excubet?
262 2065 290 2116 et
313 2057 442 2119 adsiduis
464 2058 603 2135 precibus
625 2057 704 2136 opud
725 2057 811 2118 deum
836 2044 989 2116 intercedit
1011 2076 1066 2135 pro
1089 2057 1237 2118 Ecclesia?

102 2180 254 2222 9999999.
294 2158 514 2237 t'igtlantissime
537 2160 635 2220 studet
657 2178 694 2219 ne
716 2159 785 2238 quid
808 2158 984 2219 9999119999
1007 2166 1188 2239 9199991991
1210 2158 1333 2241 1711111111·

39 2263 77 2323 illi
101 2263 192 2322 euriae
214 2261 303 2320 desit:
332 2260 389 2322 boc
412 2263 489 2322 enim
512 2261 645 2340 proximo
674 2260 753 2320 1119999
784 2260 906 2336 attingit.
952 2260 1056 2320 91919919
1085 2280 1150 2338 quae
1179 2262 1269 2338 ipsius
1291 2269 1336 2322 est

38 2363 171 2431 bouitas,
195 2361 260 2421 orbi
283 2380 400 2440 quoque
424 2362 591 2422 consultum
614 2361 712 2421 vellet:
737 2370 800 2423 orat
823 2369 920 2423 autern
944 2363 1075 2421 9999199
1067 2381 1124 2421 ram
1141 2370 1182 2421 at·
1200 2361 1279 2437 1,111111,
1263 2361 1333 2438 ,1
1364 2408 1382 2434 ,

40 2484 99 2543 que
122 2465 200 2532 dies,
224 2471 325 2533 9119,
349 2466 399 2541 qui
422 2464 610 2541 tranquillum
634 2465 687 2540 ipsi
710 2462 800 2531 99119,
825 2463 937 2540 quietas
960 2462 1058 2522 caulas
1080 2463 1258 2524 tumultuet
1287 2483 1332 2524 se·

40 2566 152 2626 ditione
176 2583 361 2625 commoveas
383 2572 411 2624 et
433 2565 604 2643 perturbes,
629 2564 763 2625 99999119
786 2562 897 2624 tolleris
919 2572 1041 2640 repente
1064 2571 1092 2624 ct
1114 2563 1268 2626 abolearis.

105 2684 278 2727 9999999999.
318 2665 420 2743 Neque
441 2674 522 2726 recte
548 2665 662 2744 vigilat,
692 2684 787 2744 neque
816 2665 845 2724 id
874 2665 952 2743 quod
982 2667 1055 2744 petit
1082 2684 1211 2744 uuquam
1240 2668 1403 2743 impe-qao,

41 2768 146 2829 trabit:
171 2785 238 2827 nam
262 2773 291 2825 et
305 2766 536 2827 Christianorum
561 2767 691 2826 cronium
715 2766 902 2826 commodum
924 2778 978 2827 suo
1000 2767 1140 2843 1999919999
1163 2766 1259 2836 9191991,
1281 2787 1334 2827 ue·

41 2889 102 2950 que
124 2876 182 2929 1999
206 2868 362 2928 oscitanter
389 2867 497 2945 populo
526 2868 690 2928 Christiano
719 2867 794 2928 bene
821 2869 951 2945 precari;
985 2876 1014 2928 et
1041 2869 1163 2945 impium
1191 2874 1236 2927 est
1263 2887 1334 2927 aea

41 2972 148 3032 Christi
172 2970 310 3030 institutis
336 2968 417 3029 991919
447 2968 574 3029 alienum
603 2967 675 3029 99119
703 2969 845 3036 hominis,
882 2969 967 3028 etiam
998 2970 1046 3046 qui
1073 2966 1148 3028 99919
1177 2976 1335 3038 mereatur,

39 3074 207 3140 interitum,
231 3070 309 3150 quod
332 3089 386 3148 pro
408 3069 651 3149 persecutoribus
674 3089 791 3149 quoque
814 3070 942 3128 99999911
962 3071 1040 3146 ipse,
1063 3077 1093 3128 91
1107 3088 1192 3128 orare
1209 3088 1262 3128 nos
1278 3072 1336 3131 ius·

39 3175 120 3235 serit.
156 3174 254 3244 Quare
277 3172 413 3234 ournibus
435 3173 550 3233 19199119
566 3173 702 3250 appensis
718 3180 747 3231 et
762 3171 910 3231 estimatis
925 3169 1125 3231 11199119991999
1141 3176 1196 3230 sta·
1214 3177 1221 3248 1
1237 3169 1335 3255 1111111111·

40 3284 104 3343 tue,
129 3281 161 3334 ut
177 3280 311 3333 99911999
327 3274 444 3335 demum
462 3273 564 3332 credas
576 3273 714 3352 accipere
737 3292 752 3331 a
769 3272 884 3332 Christo
900 3273 1070 3332 Pontificem
1086 3292 1120 3332 ea
1137 3292 1201 3350 qua}
1215 3290 1336 3349 persua-

40 3396 90 3438 sus
112 3377 171 3436 iam
194 3376 289 3434 statim
312 3374 351 3435 1111
375 3373 495 3444 tribuis,
520 3393 587 3434 eom
611 3376 696 3434 tertio
720 3382 751 3433 ot
773 3373 878 3434 Petrus
900 3382 1020 3451 rogatus
1042 3392 1195 3453 synceram
1218 3381 1335 3452 911999-

42 3480 149 3539 tectam
173 3477 219 3536 dei
243 3475 428 3536 ditectionem
451 3475 583 3553 profiteri
605 3476 816 3542 99999199911,
847 3482 897 3535 aut
919 3475 1085 3554 longissime
1108 3474 1144 3536 ab
1167 3463 1335 3537 199919991-

40 3588 98 3639 tate
123 3597 189 3638 esse
212 3578 296 3637 cuius
320 3578 373 3636 vita
397 3596 464 3638 cum
488 3575 686 3655 apostolorum
716 3575 847 3635 moribus
876 3584 904 3636 et
932 3579 1152 3639 conversatione
1180 3596 1238 3637 non
1267 3597 1336 3638 999-

40 3681 133 3748 99911,
158 3679 257 3739 ducas.
345 3755 348 3760 ι
374 3686 376 3694 ’

102 3801 255 3841 99999999.
295 3779 532 3856 119919991919,
562 3781 1030 3857 19999999119919991919199999
1055 3800 1119 3858 qaue
1147 3782 1176 3840 iu
1206 3781 1403 3850 9999119999.

39 3883 145 3944 adfers.

104 4002 279 4045 99999999.
314 3981 352 4041 At
375 3982 487 4058 capies
511 3983 534 4040 si
548 3982 658 4042 audire
681 3979 769 4041 voles.

103 4082 1334 4160 99999999.1191919191999119999,9991191999999919,91911999991999·

39 4189 131 4255 11999,
156 4186 251 4260 arogis
272 4186 302 4244 in
326 4203 459 4245 errorem
485 4202 533 4244 me
556 4185 744 4261 praecipitem.

102 4305 278 4348 sorssors
315 4286 358 4345 Ab
387 4304 447 4346 uon
478 4303 628 4353 errorem,
657 4285 693 4344 ad
723 4285 845 4344 991991999
869 4284 948 4344 ducit
971 4285 1031 4350 919,
1061 4301 1117 4360 qua
1142 4283 1191 4346 11191
1225 4280 1334 4358 111111,

39 4408 149 4472 praeco

106 4509 261 4551 99999999.
299 4488 364 4548 Nou
386 4507 509 4568 sequor,
542 4507 610 4549 nam
638 4496 666 4547 et
692 4485 746 4547 alia
776 4488 817 4546 ria
847 4503 910 4562 quac
939 4486 1145 4562 compendiosa
1169 4454 1261 4563 magis
1283 4493 1336 4553 991,
1396 4498 1398 4501 ·

39 4615 245 4630 .---———--

107 4675 131 4708 ⁸⁸
149 4675 489 4740 119999999119111911.
504 4674 544 4723 11.
599 4673 619 4704 ’1
639 4677 669 4722 991
687 4669 772 4737 Petu]
792 4673 898 4736 Evong.
913 4686 968 4720 see.
983 4671 1077 4720 loamr.
1092 4673 1165 4723 XXI.
1181 4672 1220 4724 15.
1234 4689 1293 4738 sqq.
