<?xml version="1.0" encoding="UTF-8"?>
<!DOCTYPE html PUBLIC "-//W3C//DTD XHTML 1.0 Transitional//EN"
    "http://www.w3.org/TR/xhtml1/DTD/xhtml1-transitional.dtd">
<html xmlns="http://www.w3.org/1999/xhtml" xml:lang="en" lang="en">
 <head>
  <title>
</title>
<meta http-equiv="Content-Type" content="text/html;charset=utf-8" />
  <meta name='ocr-system' content='tesseract 3.04.00' />
  <meta name='ocr-capabilities' content='ocr_page ocr_carea ocr_par ocr_line ocrx_word'/>
</head>
<body>
  <div class='ocr_page' id='page_1' title='image "./ulrichihuttenie05huttgoog/ulrichihuttenie05huttgoog_0530.png"; bbox 0 0 3210 5416; ppageno 0'>
   <div class='ocr_carea' id='block_1_1' title="bbox 356 362 1456 472">
    <p class='ocr_par' dir='ltr' id='par_1_1' title="bbox 356 362 1456 472">
     <span class='ocr_line' id='line_1_1' title="bbox 356 362 1456 472; baseline 0.005 -46"><span class='ocrx_word' id='word_1_1' title='bbox 356 375 582 443; x_wconf 76' lang='grc' dir='ltr'>[ιιιοιιιιιιιιιιιι]</span> <span class='ocrx_word' id='word_1_2' title='bbox 604 391 717 428; x_wconf 81' lang='lat' dir='ltr'>¹rrccrrs</span> <span class='ocrx_word' id='word_1_3' title='bbox 736 391 908 428; x_wconf 79' lang='lat' dir='ltr'>nroouarrs.</span> <span class='ocrx_word' id='word_1_4' title='bbox 945 375 1033 439; x_wconf 76' lang='lat'>(¹⁵²⁰.)</span> <span class='ocrx_word' id='word_1_5' title='bbox 1271 362 1345 472; x_wconf 52' lang='lat'>525</span> <span class='ocrx_word' id='word_1_6' title='bbox 1449 383 1456 405; x_wconf 53' lang='lat' dir='ltr'><strong>t</strong></span> 
     </span>
    </p>
   </div>
   <div class='ocr_carea' id='block_1_2' title="bbox 22 549 1507 3921">
    <p class='ocr_par' dir='ltr' id='par_1_2' title="bbox 117 549 569 606">
     <span class='ocr_line' id='line_1_2' title="bbox 117 549 569 606; baseline 0.002 -1"><span class='ocrx_word' id='word_1_7' title='bbox 117 550 258 606; x_wconf 87' lang='lat' dir='ltr'>Eecius.</span> <span class='ocrx_word' id='word_1_8' title='bbox 295 549 362 605; x_wconf 79' lang='lat' dir='ltr'>Ecce</span> <span class='ocrx_word' id='word_1_9' title='bbox 384 549 479 606; x_wconf 77' lang='lat' dir='ltr'>literae.</span> <span class='ocrx_word' id='word_1_10' title='bbox 562 583 569 591; x_wconf 90' lang='lat'><strong>·</strong></span> 
     </span>
    </p>

    <p class='ocr_par' dir='ltr' id='par_1_3' title="bbox 35 599 1416 1116">
     <span class='ocr_line' id='line_1_3' title="bbox 118 599 1347 706; baseline -0.002 -17"><span class='ocrx_word' id='word_1_11' title='bbox 118 635 268 689; x_wconf 78' lang='lat' dir='ltr'>Canidia.</span> <span class='ocrx_word' id='word_1_12' title='bbox 305 634 375 689; x_wconf 84' lang='lat' dir='ltr'>Bene</span> <span class='ocrx_word' id='word_1_13' title='bbox 398 643 453 695; x_wconf 87' lang='lat' dir='ltr'>est.</span> <span class='ocrx_word' id='word_1_14' title='bbox 487 633 579 694; x_wconf 84' lang='lat' dir='ltr'>ereio,</span> <span class='ocrx_word' id='word_1_15' title='bbox 614 635 642 688; x_wconf 89' lang='grc' dir='ltr'>ιιι</span> <span class='ocrx_word' id='word_1_16' title='bbox 664 633 749 689; x_wconf 85' lang='lat' dir='ltr'>ahorn</span> <span class='ocrx_word' id='word_1_17' title='bbox 774 599 865 689; x_wconf 83' lang='lat' dir='ltr'>tutior.</span> <span class='ocrx_word' id='word_1_18' title='bbox 909 633 963 690; x_wconf 86' lang='lat' dir='ltr'>iam</span> <span class='ocrx_word' id='word_1_19' title='bbox 990 633 1107 706; x_wconf 77' lang='lat' dir='ltr'>lipsiam</span> <span class='ocrx_word' id='word_1_20' title='bbox 1137 631 1267 705; x_wconf 85' lang='lat' dir='ltr'>inspicio.</span> <span class='ocrx_word' id='word_1_21' title='bbox 1301 632 1347 687; x_wconf 91' lang='lat' dir='ltr'>de·</span> 
     </span>
     <span class='ocr_line' id='line_1_4' title="bbox 54 716 1347 790; baseline -0.001 -19"><span class='ocrx_word' id='word_1_22' title='bbox 54 719 238 775; x_wconf 76' lang='lat' dir='ltr'>scandendum</span> <span class='ocrx_word' id='word_1_23' title='bbox 259 727 317 779; x_wconf 88' lang='lat' dir='ltr'>est,</span> <span class='ocrx_word' id='word_1_24' title='bbox 341 734 375 773; x_wconf 87' lang='lat' dir='ltr'>ne</span> <span class='ocrx_word' id='word_1_25' title='bbox 398 718 518 774; x_wconf 68' lang='lat' dir='ltr'>haeretiei</span> <span class='ocrx_word' id='word_1_26' title='bbox 541 717 581 773; x_wconf 87' lang='lat' dir='ltr'>ihi</span> <span class='ocrx_word' id='word_1_27' title='bbox 603 718 725 790; x_wconf 73' lang='lat' dir='ltr'>Magistri</span> <span class='ocrx_word' id='word_1_28' title='bbox 749 718 934 779; x_wconf 70' lang='lat' dir='ltr'>meridiandi,</span> <span class='ocrx_word' id='word_1_29' title='bbox 963 736 994 773; x_wconf 89' lang='lat' dir='ltr'>ac</span> <span class='ocrx_word' id='word_1_30' title='bbox 1013 719 1049 773; x_wconf 88' lang='lat' dir='ltr'>de</span> <span class='ocrx_word' id='word_1_31' title='bbox 1072 716 1168 772; x_wconf 71' lang='lat' dir='ltr'>heresi</span> <span class='ocrx_word' id='word_1_32' title='bbox 1189 732 1234 771; x_wconf 88' lang='lat' dir='ltr'>me</span> <span class='ocrx_word' id='word_1_33' title='bbox 1257 716 1347 789; x_wconf 80' lang='lat' dir='ltr'>iaqui-</span> 
     </span>
     <span class='ocr_line' id='line_1_5' title="bbox 54 799 1344 876; baseline -0.004 -17"><span class='ocrx_word' id='word_1_34' title='bbox 54 810 133 865; x_wconf 87' lang='lat' dir='ltr'>rant;</span> <span class='ocrx_word' id='word_1_35' title='bbox 158 804 184 861; x_wconf 92' lang='lat' dir='ltr'>in</span> <span class='ocrx_word' id='word_1_36' title='bbox 207 811 286 876; x_wconf 91' lang='lat' dir='ltr'>prato</span> <span class='ocrx_word' id='word_1_37' title='bbox 309 804 394 875; x_wconf 89' lang='lat' dir='ltr'>igitur</span> <span class='ocrx_word' id='word_1_38' title='bbox 416 802 469 857; x_wconf 90' lang='lat' dir='ltr'>hoc</span> <span class='ocrx_word' id='word_1_39' title='bbox 491 802 588 859; x_wconf 83' lang='lat' dir='ltr'>florido</span> <span class='ocrx_word' id='word_1_40' title='bbox 612 812 746 858; x_wconf 82' lang='lat' dir='ltr'>vectorem</span> <span class='ocrx_word' id='word_1_41' title='bbox 767 801 933 875; x_wconf 86' lang='lat' dir='ltr'>rchnqoam.</span> <span class='ocrx_word' id='word_1_42' title='bbox 958 810 988 858; x_wconf 92' lang='lat' dir='ltr'>ut</span> <span class='ocrx_word' id='word_1_43' title='bbox 1004 802 1126 861; x_wconf 85' lang='lat' dir='ltr'>interim.</span> <span class='ocrx_word' id='word_1_44' title='bbox 1149 799 1344 867; x_wconf 73' lang='lat' dir='ltr'>dom-redeam,</span> 
     </span>
     <span class='ocr_line' id='line_1_6' title="bbox 35 884 1416 959; baseline -0.001 -19"><span class='ocrx_word' id='word_1_45' title='bbox 35 887 152 943; x_wconf 79' lang='lat' dir='ltr'>sherhis</span> <span class='ocrx_word' id='word_1_46' title='bbox 174 887 217 943; x_wconf 90' lang='lat' dir='ltr'>his</span> <span class='ocrx_word' id='word_1_47' title='bbox 239 886 386 943; x_wconf 82' lang='lat' dir='ltr'>odoriieris</span> <span class='ocrx_word' id='word_1_48' title='bbox 407 895 528 943; x_wconf 83' lang='lat' dir='ltr'>ventrem</span> <span class='ocrx_word' id='word_1_49' title='bbox 548 887 698 947; x_wconf 73' lang='lat' dir='ltr'>distentat,</span> <span class='ocrx_word' id='word_1_50' title='bbox 727 886 928 959; x_wconf 82' lang='lat' dir='ltr'>pedibusvero</span> <span class='ocrx_word' id='word_1_51' title='bbox 950 887 977 942; x_wconf 87' lang='lat' dir='ltr'>is</span> <span class='ocrx_word' id='word_1_52' title='bbox 999 886 1133 943; x_wconf 82' lang='lat' dir='ltr'>civitatem</span> <span class='ocrx_word' id='word_1_53' title='bbox 1156 901 1250 958; x_wconf 74' lang='lat' dir='ltr'>pergo</span> <span class='ocrx_word' id='word_1_54' title='bbox 1288 884 1416 939; x_wconf 69' lang='lat' dir='ltr'>Sat-ror.</span> 
     </span>
     <span class='ocr_line' id='line_1_7' title="bbox 55 968 1346 1045; baseline -0.002 -18"><span class='ocrx_word' id='word_1_55' title='bbox 55 980 133 1034; x_wconf 85' lang='lat' dir='ltr'>vete,</span> <span class='ocrx_word' id='word_1_56' title='bbox 157 981 298 1044; x_wconf 87' lang='lat' dir='ltr'>portarum</span> <span class='ocrx_word' id='word_1_57' title='bbox 321 972 458 1027; x_wconf 76' lang='lat' dir='ltr'><strong>custodes.</strong></span> <span class='ocrx_word' id='word_1_58' title='bbox 494 989 560 1027; x_wconf 89' lang='lat' dir='ltr'>num</span> <span class='ocrx_word' id='word_1_59' title='bbox 582 972 646 1027; x_wconf 90' lang='lat' dir='ltr'>mihi</span> <span class='ocrx_word' id='word_1_60' title='bbox 671 971 790 1027; x_wconf 83' lang='lat' dir='ltr'>iudicare</span> <span class='ocrx_word' id='word_1_61' title='bbox 812 971 942 1045; x_wconf 87' lang='lat' dir='ltr'>potestis,</span> <span class='ocrx_word' id='word_1_62' title='bbox 965 971 1079 1026; x_wconf 83' lang='lat' dir='ltr'>ubinam</span> <span class='ocrx_word' id='word_1_63' title='bbox 1098 968 1206 1025; x_wconf 85' lang='lat' dir='ltr'>hubens</span> <span class='ocrx_word' id='word_1_64' title='bbox 1229 969 1346 1042; x_wconf 82' lang='lat' dir='ltr'>quidam,</span> 
     </span>
     <span class='ocr_line' id='line_1_8' title="bbox 55 1055 444 1116; baseline 0.003 -6"><span class='ocrx_word' id='word_1_65' title='bbox 55 1057 98 1112; x_wconf 84' lang='lat' dir='ltr'>vir</span> <span class='ocrx_word' id='word_1_66' title='bbox 120 1057 301 1116; x_wconf 79' lang='lat' dir='ltr'>sacerrimus.</span> <span class='ocrx_word' id='word_1_67' title='bbox 321 1055 444 1112; x_wconf 83' lang='lat' dir='ltr'>habitati</span> 
     </span>
    </p>

    <p class='ocr_par' dir='ltr' id='par_1_4' title="bbox 121 1139 985 1213">
     <span class='ocr_line' id='line_1_9' title="bbox 121 1139 985 1213; baseline 0 -20"><span class='ocrx_word' id='word_1_68' title='bbox 121 1140 301 1196; x_wconf 76' lang='lat' dir='ltr'><strong>Custodes.</strong></span> <span class='ocrx_word' id='word_1_69' title='bbox 339 1140 455 1196; x_wconf 71' lang='lat' dir='ltr'><strong>Currum</strong></span> <span class='ocrx_word' id='word_1_70' title='bbox 477 1141 593 1213; x_wconf 75' lang='lat' dir='ltr'>qnaeris?</span> <span class='ocrx_word' id='word_1_71' title='bbox 616 1157 677 1195; x_wconf 83' lang='lat' dir='ltr'>uani</span> <span class='ocrx_word' id='word_1_72' title='bbox 700 1147 727 1195; x_wconf 90' lang='lat' dir='ltr'>et</span> <span class='ocrx_word' id='word_1_73' title='bbox 751 1140 777 1195; x_wconf 88' lang='lat' dir='ltr'>id</span> <span class='ocrx_word' id='word_1_74' title='bbox 799 1140 869 1196; x_wconf 85' lang='lat' dir='ltr'>seire</span> <span class='ocrx_word' id='word_1_75' title='bbox 892 1139 985 1195; x_wconf 72' lang='lat' dir='ltr'>refert.</span> 
     </span>
    </p>

    <p class='ocr_par' dir='ltr' id='par_1_5' title="bbox 24 1224 1350 1550">
     <span class='ocr_line' id='line_1_10' title="bbox 122 1224 643 1282; baseline -0.002 -3"><span class='ocrx_word' id='word_1_76' title='bbox 122 1224 273 1280; x_wconf 89' lang='lat' dir='ltr'>Canidia.</span> <span class='ocrx_word' id='word_1_77' title='bbox 309 1224 414 1282; x_wconf 87' lang='lat' dir='ltr'>Literas</span> <span class='ocrx_word' id='word_1_78' title='bbox 436 1226 469 1281; x_wconf 89' lang='lat' dir='ltr'>ad</span> <span class='ocrx_word' id='word_1_79' title='bbox 491 1243 552 1281; x_wconf 87' lang='lat' dir='ltr'>eum</span> <span class='ocrx_word' id='word_1_80' title='bbox 576 1225 643 1279; x_wconf 81' lang='lat' dir='ltr'>tero.</span> 
     </span>
     <span class='ocr_line' id='line_1_11' title="bbox 24 1307 1350 1382; baseline 0.001 -22"><span class='ocrx_word' id='word_1_81' title='bbox 24 1321 49 1361; x_wconf 87' lang='lat' dir='ltr'><strong>ro</strong></span> <span class='ocrx_word' id='word_1_82' title='bbox 121 1309 304 1364; x_wconf 79' lang='lat' dir='ltr'><strong>Custodes.</strong></span> <span class='ocrx_word' id='word_1_83' title='bbox 340 1309 489 1369; x_wconf 77' lang='lat' dir='ltr'>deusest,</span> <span class='ocrx_word' id='word_1_84' title='bbox 521 1326 583 1365; x_wconf 84' lang='lat' dir='ltr'>curu</span> <span class='ocrx_word' id='word_1_85' title='bbox 614 1309 730 1382; x_wconf 91' lang='lat' dir='ltr'>primum</span> <span class='ocrx_word' id='word_1_86' title='bbox 758 1308 853 1364; x_wconf 79' lang='lat' dir='ltr'><strong>urlrern</strong></span> <span class='ocrx_word' id='word_1_87' title='bbox 883 1308 1007 1380; x_wconf 87' lang='lat' dir='ltr'>ingressa</span> <span class='ocrx_word' id='word_1_88' title='bbox 1036 1307 1124 1367; x_wconf 81' lang='lat' dir='ltr'>tueris</span> <span class='ocrx_word' id='word_1_89' title='bbox 1149 1325 1180 1362; x_wconf 86' lang='lat' dir='ltr'>ac</span> <span class='ocrx_word' id='word_1_90' title='bbox 1202 1323 1350 1380; x_wconf 77' lang='lat' dir='ltr'>parumper</span> 
     </span>
     <span class='ocr_line' id='line_1_12' title="bbox 57 1392 1349 1467; baseline -0.002 -20"><span class='ocrx_word' id='word_1_91' title='bbox 57 1393 243 1467; x_wconf 80' lang='lat' dir='ltr'>processeris,</span> <span class='ocrx_word' id='word_1_92' title='bbox 278 1393 310 1448; x_wconf 88' lang='lat' dir='ltr'>ad</span> <span class='ocrx_word' id='word_1_93' title='bbox 333 1392 424 1449; x_wconf 73' lang='lat' dir='ltr'>lerant</span> <span class='ocrx_word' id='word_1_94' title='bbox 445 1393 589 1455; x_wconf 83' lang='lat' dir='ltr'>divertite,</span> <span class='ocrx_word' id='word_1_95' title='bbox 622 1393 683 1448; x_wconf 90' lang='lat' dir='ltr'>inde</span> <span class='ocrx_word' id='word_1_96' title='bbox 706 1411 767 1449; x_wconf 88' lang='lat' dir='ltr'>eum</span> <span class='ocrx_word' id='word_1_97' title='bbox 789 1410 839 1466; x_wconf 90' lang='lat' dir='ltr'>per</span> <span class='ocrx_word' id='word_1_98' title='bbox 861 1394 1036 1465; x_wconf 71' lang='lat' dir='ltr'>angiportum</span> <span class='ocrx_word' id='word_1_99' title='bbox 1058 1392 1210 1464; x_wconf 80' lang='lat' dir='ltr'>proximum</span> <span class='ocrx_word' id='word_1_100' title='bbox 1234 1392 1349 1446; x_wconf 83' lang='lat' dir='ltr'>intrare·</span> 
     </span>
     <span class='ocr_line' id='line_1_13' title="bbox 55 1476 1316 1550; baseline -0.003 -17"><span class='ocrx_word' id='word_1_101' title='bbox 55 1478 97 1533; x_wconf 91' lang='lat' dir='ltr'>ris</span> <span class='ocrx_word' id='word_1_102' title='bbox 120 1494 152 1532; x_wconf 89' lang='lat' dir='ltr'>ac</span> <span class='ocrx_word' id='word_1_103' title='bbox 173 1477 346 1534; x_wconf 77' lang='lat' dir='ltr'><strong>dextrorsum</strong></span> <span class='ocrx_word' id='word_1_104' title='bbox 368 1476 490 1539; x_wconf 84' lang='lat' dir='ltr'>dereris,</span> <span class='ocrx_word' id='word_1_105' title='bbox 514 1478 541 1532; x_wconf 91' lang='lat' dir='ltr'>in</span> <span class='ocrx_word' id='word_1_106' title='bbox 563 1478 686 1549; x_wconf 71' lang='lat' dir='ltr'>prosimu</span> <span class='ocrx_word' id='word_1_107' title='bbox 708 1476 831 1532; x_wconf 87' lang='lat' dir='ltr'>hahitare</span> <span class='ocrx_word' id='word_1_108' title='bbox 853 1477 1006 1550; x_wconf 77' lang='lat' dir='ltr'><strong>proseucha</strong></span> <span class='ocrx_word' id='word_1_109' title='bbox 1029 1476 1164 1533; x_wconf 87' lang='lat' dir='ltr'>horninem</span> <span class='ocrx_word' id='word_1_110' title='bbox 1189 1476 1316 1530; x_wconf 77' lang='lat' dir='ltr'>iuvenies.</span> 
     </span>
    </p>

    <p class='ocr_par' dir='ltr' id='par_1_6' title="bbox 29 1559 1507 1803">
     <span class='ocr_line' id='line_1_14' title="bbox 122 1559 1348 1635; baseline 0 -20"><span class='ocrx_word' id='word_1_111' title='bbox 122 1561 272 1616; x_wconf 78' lang='lat' dir='ltr'>Canidia.</span> <span class='ocrx_word' id='word_1_112' title='bbox 308 1560 381 1616; x_wconf 83' lang='lat' dir='ltr'><strong>Proh</strong></span> <span class='ocrx_word' id='word_1_113' title='bbox 404 1579 483 1634; x_wconf 84' lang='lat' dir='ltr'>quam</span> <span class='ocrx_word' id='word_1_114' title='bbox 506 1561 707 1635; x_wconf 77' lang='lat' dir='ltr'>labyrinthorum</span> <span class='ocrx_word' id='word_1_115' title='bbox 730 1561 871 1617; x_wconf 84' lang='lat' dir='ltr'>indicium!</span> <span class='ocrx_word' id='word_1_116' title='bbox 901 1561 952 1616; x_wconf 83' lang='lat' dir='ltr'>Sed</span> <span class='ocrx_word' id='word_1_117' title='bbox 976 1560 1078 1616; x_wconf 86' lang='lat' dir='ltr'>tamdiu</span> <span class='ocrx_word' id='word_1_118' title='bbox 1106 1559 1280 1615; x_wconf 81' lang='lat' dir='ltr'>cirvenientes</span> <span class='ocrx_word' id='word_1_119' title='bbox 1309 1560 1348 1616; x_wconf 86' lang='lat' dir='ltr'>iu·</span> 
     </span>
     <span class='ocr_line' id='line_1_15' title="bbox 59 1643 1507 1717; baseline 0 -18"><span class='ocrx_word' id='word_1_120' title='bbox 59 1644 220 1717; x_wconf 86' lang='lat' dir='ltr'>terrogabo.</span> <span class='ocrx_word' id='word_1_121' title='bbox 243 1645 330 1702; x_wconf 74' lang='lat' dir='ltr'>tiones</span> <span class='ocrx_word' id='word_1_122' title='bbox 352 1644 398 1701; x_wconf 89' lang='lat' dir='ltr'>uhi</span> <span class='ocrx_word' id='word_1_123' title='bbox 420 1645 556 1702; x_wconf 80' lang='lat' dir='ltr'>Musarum</span> <span class='ocrx_word' id='word_1_124' title='bbox 578 1645 700 1702; x_wconf 88' lang='lat' dir='ltr'>habitent</span> <span class='ocrx_word' id='word_1_125' title='bbox 722 1644 835 1707; x_wconf 79' lang='lat' dir='ltr'>delitiae,</span> <span class='ocrx_word' id='word_1_126' title='bbox 864 1646 1005 1701; x_wconf 82' lang='lat' dir='ltr'>inveniam.</span> <span class='ocrx_word' id='word_1_127' title='bbox 1049 1653 1091 1707; x_wconf 86' lang='lat' dir='ltr'>et,</span> <span class='ocrx_word' id='word_1_128' title='bbox 1121 1645 1148 1698; x_wconf 92' lang='lat' dir='ltr'>ni</span> <span class='ocrx_word' id='word_1_129' title='bbox 1178 1643 1273 1706; x_wconf 76' lang='lat' dir='ltr'>failor,</span> <span class='ocrx_word' id='word_1_130' title='bbox 1304 1643 1415 1701; x_wconf 64' lang='lat' dir='ltr'>rasso.</span> <span class='ocrx_word' id='word_1_131' title='bbox 1503 1674 1507 1681; x_wconf 90' lang='lat'><strong>·</strong></span> 
     </span>
     <span class='ocr_line' id='line_1_16' title="bbox 29 1729 1298 1803; baseline 0.002 -21"><span class='ocrx_word' id='word_1_132' title='bbox 29 1743 51 1782; x_wconf 85' lang='grc' dir='ltr'>ιι</span> <span class='ocrx_word' id='word_1_133' title='bbox 60 1737 128 1785; x_wconf 74' lang='lat' dir='ltr'>sumt</span> <span class='ocrx_word' id='word_1_134' title='bbox 150 1730 223 1786; x_wconf 85' lang='lat' dir='ltr'>aedes</span> <span class='ocrx_word' id='word_1_135' title='bbox 244 1737 412 1788; x_wconf 77' lang='lat' dir='ltr'>monstrata.</span> <span class='ocrx_word' id='word_1_136' title='bbox 456 1729 543 1792; x_wconf 85' lang='lat' dir='ltr'>Heus,</span> <span class='ocrx_word' id='word_1_137' title='bbox 566 1731 646 1791; x_wconf 90' lang='lat' dir='ltr'><strong>heus,</strong></span> <span class='ocrx_word' id='word_1_138' title='bbox 671 1731 764 1803; x_wconf 87' lang='lat' dir='ltr'>eequis</span> <span class='ocrx_word' id='word_1_139' title='bbox 787 1731 891 1803; x_wconf 79' lang='lat' dir='ltr'>aperit?</span> <span class='ocrx_word' id='word_1_140' title='bbox 1288 1744 1298 1756; x_wconf 76' lang='lat'><strong>·</strong></span> 
     </span>
    </p>

    <p class='ocr_par' dir='ltr' id='par_1_7' title="bbox 124 1812 1334 1889">
     <span class='ocr_line' id='line_1_17' title="bbox 124 1812 1334 1889; baseline -0.002 -19"><span class='ocrx_word' id='word_1_141' title='bbox 124 1813 271 1870; x_wconf 82' lang='lat' dir='ltr'>Ruheus</span> <span class='ocrx_word' id='word_1_142' title='bbox 308 1813 394 1874; x_wconf 83' lang='lat' dir='ltr'>Heus</span> <span class='ocrx_word' id='word_1_143' title='bbox 418 1814 500 1875; x_wconf 86' lang='lat' dir='ltr'>heus,</span> <span class='ocrx_word' id='word_1_144' title='bbox 523 1824 551 1871; x_wconf 86' lang='lat' dir='ltr'>et</span> <span class='ocrx_word' id='word_1_145' title='bbox 574 1815 698 1889; x_wconf 86' lang='lat' dir='ltr'>quisnam</span> <span class='ocrx_word' id='word_1_146' title='bbox 721 1815 795 1870; x_wconf 82' lang='lat' dir='ltr'><strong>tores</strong></span> <span class='ocrx_word' id='word_1_147' title='bbox 818 1832 890 1870; x_wconf 75' lang='lat' dir='ltr'>niem</span> <span class='ocrx_word' id='word_1_148' title='bbox 914 1823 967 1870; x_wconf 89' lang='lat' dir='ltr'>tarn</span> <span class='ocrx_word' id='word_1_149' title='bbox 991 1814 1116 1870; x_wconf 73' lang='lat' dir='ltr'>furenter</span> <span class='ocrx_word' id='word_1_150' title='bbox 1137 1812 1257 1885; x_wconf 76' lang='lat' dir='ltr'>hangitt</span> <span class='ocrx_word' id='word_1_151' title='bbox 1331 1863 1334 1868; x_wconf 88' lang='lat'>.</span> 
     </span>
    </p>

    <p class='ocr_par' dir='ltr' id='par_1_8' title="bbox 123 1897 544 1970">
     <span class='ocr_line' id='line_1_18' title="bbox 123 1897 544 1970; baseline -0.002 -16"><span class='ocrx_word' id='word_1_152' title='bbox 123 1897 275 1954; x_wconf 82' lang='lat' dir='ltr'>Canidia.</span> <span class='ocrx_word' id='word_1_153' title='bbox 312 1898 436 1955; x_wconf 86' lang='lat' dir='ltr'>Nondum</span> <span class='ocrx_word' id='word_1_154' title='bbox 458 1899 544 1970; x_wconf 89' lang='lat' dir='ltr'>tetigi.</span> 
     </span>
    </p>

    <p class='ocr_par' dir='ltr' id='par_1_9' title="bbox 124 1981 1170 2057">
     <span class='ocr_line' id='line_1_19' title="bbox 124 1981 1170 2057; baseline -0.001 -19"><span class='ocrx_word' id='word_1_155' title='bbox 124 1982 272 2041; x_wconf 80' lang='lat' dir='ltr'><strong>huheus</strong></span> <span class='ocrx_word' id='word_1_156' title='bbox 308 1981 406 2038; x_wconf 88' lang='lat' dir='ltr'>Verum</span> <span class='ocrx_word' id='word_1_157' title='bbox 431 1991 456 2043; x_wconf 87' lang='lat' dir='ltr'>te</span> <span class='ocrx_word' id='word_1_158' title='bbox 479 1982 601 2057; x_wconf 79' lang='lat' dir='ltr'><strong>pulsasse</strong></span> <span class='ocrx_word' id='word_1_159' title='bbox 624 1984 790 2047; x_wconf 88' lang='lat' dir='ltr'>arhitrahar;</span> <span class='ocrx_word' id='word_1_160' title='bbox 813 1985 860 2038; x_wconf 88' lang='lat' dir='ltr'>sed</span> <span class='ocrx_word' id='word_1_161' title='bbox 884 2000 1027 2057; x_wconf 86' lang='lat' dir='ltr'>quemnam</span> <span class='ocrx_word' id='word_1_162' title='bbox 1050 1982 1170 2057; x_wconf 65' lang='lat' dir='ltr'>quaeris?</span> 
     </span>
    </p>

    <p class='ocr_par' dir='ltr' id='par_1_10' title="bbox 125 2065 599 2161">
     <span class='ocr_line' id='line_1_20' title="bbox 125 2065 599 2161; baseline 0.006 -40"><span class='ocrx_word' id='word_1_163' title='bbox 125 2066 276 2123; x_wconf 87' lang='lat' dir='ltr'>Canidia.</span> <span class='ocrx_word' id='word_1_164' title='bbox 312 2065 434 2124; x_wconf 82' lang='lat' dir='ltr'>Ruheunr</span> <span class='ocrx_word' id='word_1_165' title='bbox 458 2068 599 2161; x_wconf 82' lang='lat' dir='ltr'>quendam</span> 
     </span>
    </p>

    <p class='ocr_par' dir='ltr' id='par_1_11' title="bbox 126 2146 1251 2226">
     <span class='ocr_line' id='line_1_21' title="bbox 126 2146 1251 2226; baseline 0.001 -20"><span class='ocrx_word' id='word_1_166' title='bbox 126 2150 273 2206; x_wconf 83' lang='lat' dir='ltr'>Ruheus.</span> <span class='ocrx_word' id='word_1_167' title='bbox 309 2150 338 2206; x_wconf 91' lang='lat' dir='ltr'>Si</span> <span class='ocrx_word' id='word_1_168' title='bbox 359 2152 470 2208; x_wconf 86' lang='lat' dir='ltr'>doctum</span> <span class='ocrx_word' id='word_1_169' title='bbox 492 2153 606 2225; x_wconf 75' lang='lat' dir='ltr'>queris.</span> <span class='ocrx_word' id='word_1_170' title='bbox 632 2154 653 2208; x_wconf 89' lang='lat' dir='ltr'>is</span> <span class='ocrx_word' id='word_1_171' title='bbox 676 2169 728 2224; x_wconf 89' lang='lat' dir='ltr'>ego</span> <span class='ocrx_word' id='word_1_172' title='bbox 751 2146 820 2209; x_wconf 86' lang='lat' dir='ltr'>sirm.</span> <span class='ocrx_word' id='word_1_173' title='bbox 858 2153 922 2226; x_wconf 85' lang='lat' dir='ltr'>quid</span> <span class='ocrx_word' id='word_1_174' title='bbox 947 2153 1031 2224; x_wconf 83' lang='lat' dir='ltr'>igitur</span> <span class='ocrx_word' id='word_1_175' title='bbox 1052 2151 1119 2207; x_wconf 84' lang='lat' dir='ltr'>reiis</span> <span class='ocrx_word' id='word_1_176' title='bbox 1142 2151 1251 2207; x_wconf 75' lang='lat' dir='ltr'>etheito:</span> 
     </span>
    </p>

    <p class='ocr_par' dir='ltr' id='par_1_12' title="bbox 124 2235 507 2294">
     <span class='ocr_line' id='line_1_22' title="bbox 124 2235 507 2294; baseline 0.008 -5"><span class='ocrx_word' id='word_1_177' title='bbox 124 2235 275 2294; x_wconf 84' lang='lat' dir='ltr'>Canidia.</span> <span class='ocrx_word' id='word_1_178' title='bbox 312 2235 416 2292; x_wconf 83' lang='lat' dir='ltr'>hiteras</span> <span class='ocrx_word' id='word_1_179' title='bbox 439 2236 507 2292; x_wconf 85' lang='lat' dir='ltr'>iero.</span> 
     </span>
    </p>

    <p class='ocr_par' dir='ltr' id='par_1_13' title="bbox 126 2319 507 2394">
     <span class='ocr_line' id='line_1_23' title="bbox 126 2319 507 2394; baseline 0.008 -20"><span class='ocrx_word' id='word_1_180' title='bbox 126 2319 273 2376; x_wconf 83' lang='lat' dir='ltr'>Ruheua.</span> <span class='ocrx_word' id='word_1_181' title='bbox 311 2319 507 2394; x_wconf 81' lang='lat' dir='ltr'>Scriptasue?</span> 
     </span>
    </p>

    <p class='ocr_par' dir='ltr' id='par_1_14' title="bbox 126 2403 672 2480">
     <span class='ocr_line' id='line_1_24' title="bbox 126 2403 672 2480; baseline 0.007 -22"><span class='ocrx_word' id='word_1_182' title='bbox 126 2403 283 2460; x_wconf 88' lang='lat' dir='ltr'>Canidia</span> <span class='ocrx_word' id='word_1_183' title='bbox 320 2403 353 2459; x_wconf 87' lang='lat' dir='ltr'>Et</span> <span class='ocrx_word' id='word_1_184' title='bbox 375 2403 531 2478; x_wconf 80' lang='lat' dir='ltr'>obsignatas</span> <span class='ocrx_word' id='word_1_185' title='bbox 554 2424 672 2480; x_wconf 83' lang='lat' dir='ltr'>quoque.</span> 
     </span>
    </p>

    <p class='ocr_par' dir='ltr' id='par_1_15' title="bbox 30 2487 1419 2730">
     <span class='ocr_line' id='line_1_25' title="bbox 89 2487 800 2583; baseline 0 -40"><span class='ocrx_word' id='word_1_186' title='bbox 89 2539 91 2543; x_wconf 89' lang='lat'>.</span> <span class='ocrx_word' id='word_1_187' title='bbox 127 2487 273 2544; x_wconf 78' lang='lat' dir='ltr'><strong>Ruheus</strong></span> <span class='ocrx_word' id='word_1_188' title='bbox 309 2488 406 2545; x_wconf 77' lang='lat' dir='ltr'><strong>Profer</strong></span> <span class='ocrx_word' id='word_1_189' title='bbox 429 2490 524 2583; x_wconf 86' lang='lat' dir='ltr'>igitur.</span> <span class='ocrx_word' id='word_1_190' title='bbox 798 2540 800 2543; x_wconf 79' lang='grc'>,</span> 
     </span>
     <span class='ocr_line' id='line_1_26' title="bbox 30 2572 1419 2649; baseline 0.004 -25"><span class='ocrx_word' id='word_1_191' title='bbox 30 2584 53 2624; x_wconf 85' lang='grc' dir='ltr'>ιι</span> <span class='ocrx_word' id='word_1_192' title='bbox 128 2572 276 2628; x_wconf 90' lang='lat' dir='ltr'>Canidia.</span> <span class='ocrx_word' id='word_1_193' title='bbox 313 2573 403 2630; x_wconf 86' lang='lat' dir='ltr'>Primo</span> <span class='ocrx_word' id='word_1_194' title='bbox 425 2574 534 2647; x_wconf 85' lang='lat' dir='ltr'>signum</span> <span class='ocrx_word' id='word_1_195' title='bbox 557 2575 672 2649; x_wconf 82' lang='lat' dir='ltr'>inspice,</span> <span class='ocrx_word' id='word_1_196' title='bbox 707 2591 768 2631; x_wconf 90' lang='lat' dir='ltr'>nam</span> <span class='ocrx_word' id='word_1_197' title='bbox 791 2576 814 2631; x_wconf 91' lang='lat' dir='ltr'>si</span> <span class='ocrx_word' id='word_1_198' title='bbox 836 2575 946 2632; x_wconf 86' lang='lat' dir='ltr'>Ruheus</span> <span class='ocrx_word' id='word_1_199' title='bbox 970 2574 1014 2630; x_wconf 86' lang='lat' dir='ltr'>iiie</span> <span class='ocrx_word' id='word_1_200' title='bbox 1036 2592 1080 2637; x_wconf 90' lang='lat' dir='ltr'>es,</span> <span class='ocrx_word' id='word_1_201' title='bbox 1114 2591 1195 2648; x_wconf 83' lang='lat' dir='ltr'>quern</span> <span class='ocrx_word' id='word_1_202' title='bbox 1224 2576 1349 2649; x_wconf 72' lang='lat' dir='ltr'>quaerito,</span> <span class='ocrx_word' id='word_1_203' title='bbox 1362 2581 1419 2630; x_wconf 71' lang='lat' dir='ltr'>§.th</span> 
     </span>
     <span class='ocr_line' id='line_1_27' title="bbox 61 2637 480 2730; baseline 0.007 -18"><span class='ocrx_word' id='word_1_204' title='bbox 61 2657 210 2714; x_wconf 74' lang='lat' dir='ltr'>confestim</span> <span class='ocrx_word' id='word_1_205' title='bbox 232 2637 299 2713; x_wconf 86' lang='lat' dir='ltr'>illud</span> <span class='ocrx_word' id='word_1_206' title='bbox 322 2675 480 2730; x_wconf 75' lang='lat' dir='ltr'>cognosces.</span> 
     </span>
    </p>

    <p class='ocr_par' dir='ltr' id='par_1_16' title="bbox 62 2741 1352 2985">
     <span class='ocr_line' id='line_1_28' title="bbox 128 2741 1352 2838; baseline 0.002 -41"><span class='ocrx_word' id='word_1_207' title='bbox 128 2741 274 2798; x_wconf 81' lang='lat' dir='ltr'>iiuheus.</span> <span class='ocrx_word' id='word_1_208' title='bbox 311 2741 397 2804; x_wconf 82' lang='lat' dir='ltr'><strong>Proh,</strong></span> <span class='ocrx_word' id='word_1_209' title='bbox 426 2752 519 2799; x_wconf 86' lang='lat' dir='ltr'>sancta</span> <span class='ocrx_word' id='word_1_210' title='bbox 548 2744 716 2837; x_wconf 66' lang='lat' dir='ltr'>ignorantia,</span> <span class='ocrx_word' id='word_1_211' title='bbox 753 2744 912 2805; x_wconf 80' lang='lat' dir='ltr'>fortissimi.</span> <span class='ocrx_word' id='word_1_212' title='bbox 946 2743 1096 2799; x_wconf 79' lang='lat' dir='ltr'>doctissimi</span> <span class='ocrx_word' id='word_1_213' title='bbox 1126 2761 1157 2798; x_wconf 88' lang='lat' dir='ltr'>ac</span> <span class='ocrx_word' id='word_1_214' title='bbox 1185 2743 1352 2838; x_wconf 77' lang='lat' dir='ltr'>insuperabi-</span> 
     </span>
     <span class='ocr_line' id='line_1_29' title="bbox 63 2817 1353 2900; baseline -0.001 -17"><span class='ocrx_word' id='word_1_215' title='bbox 63 2826 163 2883; x_wconf 83' lang='lat' dir='ltr'>hasimi</span> <span class='ocrx_word' id='word_1_216' title='bbox 185 2825 276 2882; x_wconf 83' lang='lat' dir='ltr'>Kochii</span> <span class='ocrx_word' id='word_1_217' title='bbox 296 2825 392 2888; x_wconf 73' lang='lat' dir='ltr'>lituras</span> <span class='ocrx_word' id='word_1_218' title='bbox 414 2844 506 2884; x_wconf 86' lang='lat' dir='ltr'>cerno</span> <span class='ocrx_word' id='word_1_219' title='bbox 543 2845 581 2895; x_wconf 85' lang='grc' dir='ltr'>ιιις</span> <span class='ocrx_word' id='word_1_220' title='bbox 604 2817 715 2900; x_wconf 73' lang='grc' dir='ltr'>ἦιιομαι</span> <span class='ocrx_word' id='word_1_221' title='bbox 736 2822 786 2883; x_wconf 78' lang='lat' dir='ltr'>aui</span> <span class='ocrx_word' id='word_1_222' title='bbox 805 2822 964 2900; x_wconf 74' lang='grc' dir='ltr'>τέρπομαι,</span> <span class='ocrx_word' id='word_1_223' title='bbox 993 2845 1054 2883; x_wconf 81' lang='lat' dir='ltr'>crim</span> <span class='ocrx_word' id='word_1_224' title='bbox 1084 2829 1150 2883; x_wconf 90' lang='lat' dir='ltr'>tanti</span> <span class='ocrx_word' id='word_1_225' title='bbox 1179 2828 1228 2882; x_wconf 86' lang='lat' dir='ltr'>riri</span> <span class='ocrx_word' id='word_1_226' title='bbox 1258 2844 1353 2883; x_wconf 87' lang='lat' dir='ltr'>mono·</span> 
     </span>
     <span class='ocr_line' id='line_1_30' title="bbox 62 2905 1005 2985; baseline -0.003 -15"><span class='ocrx_word' id='word_1_227' title='bbox 62 2919 156 2970; x_wconf 80' lang='lat' dir='ltr'>menta</span> <span class='ocrx_word' id='word_1_228' title='bbox 177 2909 295 2966; x_wconf 83' lang='lat' dir='ltr'>soloin</span> <span class='ocrx_word' id='word_1_229' title='bbox 289 2911 419 2985; x_wconf 80' lang='lat' dir='ltr'>inspicio,</span> <span class='ocrx_word' id='word_1_230' title='bbox 442 2912 490 2968; x_wconf 85' lang='lat' dir='ltr'>sed</span> <span class='ocrx_word' id='word_1_231' title='bbox 512 2920 540 2968; x_wconf 87' lang='lat' dir='ltr'>et</span> <span class='ocrx_word' id='word_1_232' title='bbox 562 2912 698 2969; x_wconf 69' lang='lat' dir='ltr'>hanutum</span> <span class='ocrx_word' id='word_1_233' title='bbox 708 2905 773 2968; x_wconf 82' lang='lat' dir='ltr'>dtis</span> <span class='ocrx_word' id='word_1_234' title='bbox 795 2911 908 2985; x_wconf 84' lang='lat' dir='ltr'>infigere</span> <span class='ocrx_word' id='word_1_235' title='bbox 931 2910 1005 2970; x_wconf 83' lang='lat' dir='ltr'>ttbu</span> 
     </span>
    </p>

    <p class='ocr_par' dir='ltr' id='par_1_17' title="bbox 24 2994 1421 3225">
     <span class='ocr_line' id='line_1_31' title="bbox 24 2994 1351 3069; baseline 0.002 -21"><span class='ocrx_word' id='word_1_236' title='bbox 24 3004 53 3048; x_wconf 80' lang='lat' dir='ltr'>oo</span> <span class='ocrx_word' id='word_1_237' title='bbox 129 2994 279 3051; x_wconf 85' lang='lat' dir='ltr'>Canidia.</span> <span class='ocrx_word' id='word_1_238' title='bbox 316 2996 369 3051; x_wconf 85' lang='lat' dir='ltr'>ianr</span> <span class='ocrx_word' id='word_1_239' title='bbox 391 2995 471 3069; x_wconf 86' lang='lat' dir='ltr'>plane</span> <span class='ocrx_word' id='word_1_240' title='bbox 500 3004 526 3052; x_wconf 86' lang='lat' dir='ltr'>to</span> <span class='ocrx_word' id='word_1_241' title='bbox 555 2996 631 3053; x_wconf 87' lang='lat' dir='ltr'>ilium</span> <span class='ocrx_word' id='word_1_242' title='bbox 658 3015 718 3055; x_wconf 87' lang='lat' dir='ltr'>esse</span> <span class='ocrx_word' id='word_1_243' title='bbox 747 2996 879 3057; x_wconf 89' lang='lat' dir='ltr'>arhitror.</span> <span class='ocrx_word' id='word_1_244' title='bbox 912 3013 992 3069; x_wconf 86' lang='lat' dir='ltr'>quern</span> <span class='ocrx_word' id='word_1_245' title='bbox 1023 2995 1148 3050; x_wconf 81' lang='lat' dir='ltr'>rioauinns</span> <span class='ocrx_word' id='word_1_246' title='bbox 1178 2995 1351 3068; x_wconf 69' lang='lat' dir='ltr'>praedicabat.</span> 
     </span>
     <span class='ocr_line' id='line_1_32' title="bbox 62 3079 1421 3184; baseline -0.001 -48"><span class='ocrx_word' id='word_1_247' title='bbox 62 3080 117 3136; x_wconf 75' lang='lat' dir='ltr'>Fac</span> <span class='ocrx_word' id='word_1_248' title='bbox 140 3079 246 3152; x_wconf 89' lang='lat' dir='ltr'>igitur.</span> <span class='ocrx_word' id='word_1_249' title='bbox 262 3087 292 3135; x_wconf 91' lang='lat' dir='ltr'>ut</span> <span class='ocrx_word' id='word_1_250' title='bbox 314 3079 402 3137; x_wconf 83' lang='lat' dir='ltr'>literae</span> <span class='ocrx_word' id='word_1_251' title='bbox 424 3081 560 3154; x_wconf 78' lang='lat' dir='ltr'>Magistris</span> <span class='ocrx_word' id='word_1_252' title='bbox 582 3081 689 3138; x_wconf 86' lang='lat' dir='ltr'><strong>Nostris</strong></span> <span class='ocrx_word' id='word_1_253' title='bbox 706 3082 922 3155; x_wconf 85' lang='lat' dir='ltr'>consignentur,</span> <span class='ocrx_word' id='word_1_254' title='bbox 946 3087 974 3136; x_wconf 89' lang='lat' dir='ltr'>et</span> <span class='ocrx_word' id='word_1_255' title='bbox 996 3096 1048 3152; x_wconf 90' lang='lat' dir='ltr'>ego</span> <span class='ocrx_word' id='word_1_256' title='bbox 1071 3094 1236 3184; x_wconf 86' lang='lat' dir='ltr'>responsum</span> <span class='ocrx_word' id='word_1_257' title='bbox 1258 3080 1350 3142; x_wconf 80' lang='lat' dir='ltr'>tersus,</span> <span class='ocrx_word' id='word_1_258' title='bbox 1363 3088 1421 3137; x_wconf 75' lang='lat' dir='ltr'>§.tt</span> 
     </span>
     <span class='ocr_line' id='line_1_33' title="bbox 63 3163 555 3225; baseline -0.006 -2"><span class='ocrx_word' id='word_1_259' title='bbox 63 3181 127 3225; x_wconf 86' lang='lat' dir='ltr'>nam</span> <span class='ocrx_word' id='word_1_260' title='bbox 150 3181 193 3223; x_wconf 88' lang='lat' dir='ltr'>me</span> <span class='ocrx_word' id='word_1_261' title='bbox 215 3170 246 3219; x_wconf 87' lang='lat' dir='ltr'>ut</span> <span class='ocrx_word' id='word_1_262' title='bbox 267 3163 443 3221; x_wconf 77' lang='lat' dir='ltr'>accelerarem</span> <span class='ocrx_word' id='word_1_263' title='bbox 466 3165 555 3224; x_wconf 85' lang='lat' dir='ltr'>iussit.</span> 
     </span>
    </p>

    <p class='ocr_par' dir='ltr' id='par_1_18' title="bbox 63 3247 1355 3409">
     <span class='ocr_line' id='line_1_34' title="bbox 130 3247 1355 3323; baseline 0 -18"><span class='ocrx_word' id='word_1_264' title='bbox 130 3247 280 3305; x_wconf 86' lang='lat' dir='ltr'>Ruheus</span> <span class='ocrx_word' id='word_1_265' title='bbox 317 3248 430 3322; x_wconf 82' lang='lat' dir='ltr'>Dignum</span> <span class='ocrx_word' id='word_1_266' title='bbox 450 3258 484 3305; x_wconf 91' lang='lat' dir='ltr'>et</span> <span class='ocrx_word' id='word_1_267' title='bbox 504 3249 608 3307; x_wconf 84' lang='lat' dir='ltr'>iustum</span> <span class='ocrx_word' id='word_1_268' title='bbox 630 3259 687 3307; x_wconf 87' lang='lat' dir='ltr'>est.</span> <span class='ocrx_word' id='word_1_269' title='bbox 711 3251 754 3307; x_wconf 88' lang='lat' dir='ltr'>hio</span> <span class='ocrx_word' id='word_1_270' title='bbox 777 3250 862 3323; x_wconf 89' lang='lat' dir='ltr'>igitur</span> <span class='ocrx_word' id='word_1_271' title='bbox 884 3250 1026 3323; x_wconf 86' lang='lat' dir='ltr'>opperire.</span> <span class='ocrx_word' id='word_1_272' title='bbox 1049 3249 1137 3304; x_wconf 88' lang='lat' dir='ltr'>donec</span> <span class='ocrx_word' id='word_1_273' title='bbox 1152 3257 1250 3305; x_wconf 84' lang='lat' dir='ltr'>cuncta</span> <span class='ocrx_word' id='word_1_274' title='bbox 1266 3257 1355 3305; x_wconf 87' lang='lat' dir='ltr'>traus-</span> 
     </span>
     <span class='ocr_line' id='line_1_35' title="bbox 63 3333 1355 3409; baseline 0.001 -20"><span class='ocrx_word' id='word_1_275' title='bbox 63 3336 155 3407; x_wconf 84' lang='lat' dir='ltr'>igam;</span> <span class='ocrx_word' id='word_1_276' title='bbox 188 3333 360 3391; x_wconf 78' lang='lat' dir='ltr'>commodum</span> <span class='ocrx_word' id='word_1_277' title='bbox 388 3334 460 3391; x_wconf 87' lang='lat' dir='ltr'>enim</span> <span class='ocrx_word' id='word_1_278' title='bbox 487 3342 579 3408; x_wconf 88' lang='lat' dir='ltr'>patres</span> <span class='ocrx_word' id='word_1_279' title='bbox 607 3335 754 3409; x_wconf 87' lang='lat' dir='ltr'>conscripti</span> <span class='ocrx_word' id='word_1_280' title='bbox 782 3335 941 3408; x_wconf 86' lang='lat' dir='ltr'>congregati</span> <span class='ocrx_word' id='word_1_281' title='bbox 971 3341 1051 3400; x_wconf 85' lang='lat' dir='ltr'><strong>suut,</strong></span> <span class='ocrx_word' id='word_1_282' title='bbox 1076 3342 1116 3399; x_wconf 84' lang='lat' dir='ltr'>ut</span> <span class='ocrx_word' id='word_1_283' title='bbox 1142 3334 1178 3389; x_wconf 71' lang='lat' dir='ltr'>de&#39;</span> <span class='ocrx_word' id='word_1_284' title='bbox 1198 3333 1355 3390; x_wconf 81' lang='lat' dir='ltr'>Lutherano</span> 
     </span>
    </p>

    <p class='ocr_par' dir='ltr' id='par_1_19' title="bbox 22 3414 1356 3662">
     <span class='ocr_line' id='line_1_36' title="bbox 22 3414 1356 3493; baseline 0 -19"><span class='ocrx_word' id='word_1_285' title='bbox 22 3415 214 3474; x_wconf 51' lang='lat' dir='ltr'>&amp;considant</span> <span class='ocrx_word' id='word_1_286' title='bbox 240 3418 367 3489; x_wconf 80' lang='lat' dir='ltr'>negotio,</span> <span class='ocrx_word' id='word_1_287' title='bbox 396 3419 529 3492; x_wconf 81' lang='lat' dir='ltr'>siquidem</span> <span class='ocrx_word' id='word_1_288' title='bbox 551 3419 819 3492; x_wconf 86' lang='lat' dir='ltr'>Brundenhorgeusis</span> <span class='ocrx_word' id='word_1_289' title='bbox 841 3419 991 3493; x_wconf 81' lang='lat' dir='ltr'>Episcopus</span> <span class='ocrx_word' id='word_1_290' title='bbox 1020 3414 1194 3493; x_wconf 71' lang='grc' dir='ltr'>χειροῦργον</span> <span class='ocrx_word' id='word_1_291' title='bbox 1222 3419 1356 3492; x_wconf 79' lang='lat' dir='ltr'>quendam</span> 
     </span>
     <span class='ocr_line' id='line_1_37' title="bbox 64 3502 1356 3577; baseline 0 -19"><span class='ocrx_word' id='word_1_292' title='bbox 64 3504 120 3558; x_wconf 85' lang='lat' dir='ltr'><strong>truc</strong></span> <span class='ocrx_word' id='word_1_293' title='bbox 143 3502 235 3564; x_wconf 62' lang='lat' dir='ltr'>misit.</span> <span class='ocrx_word' id='word_1_294' title='bbox 253 3503 300 3574; x_wconf 83' lang='lat' dir='ltr'>qui</span> <span class='ocrx_word' id='word_1_295' title='bbox 323 3503 360 3558; x_wconf 89' lang='lat' dir='ltr'>ita</span> <span class='ocrx_word' id='word_1_296' title='bbox 381 3502 531 3561; x_wconf 84' lang='lat' dir='ltr'><strong>Lutherutu</strong></span> <span class='ocrx_word' id='word_1_297' title='bbox 553 3503 581 3559; x_wconf 89' lang='lat' dir='ltr'>in</span> <span class='ocrx_word' id='word_1_298' title='bbox 611 3503 715 3559; x_wconf 77' lang='lat' dir='ltr'>favillas</span> <span class='ocrx_word' id='word_1_299' title='bbox 743 3504 861 3577; x_wconf 84' lang='lat' dir='ltr'>redigat,</span> <span class='ocrx_word' id='word_1_300' title='bbox 894 3502 1117 3576; x_wconf 83' lang='lat' dir='ltr'>quemadmodum</span> <span class='ocrx_word' id='word_1_301' title='bbox 1146 3503 1204 3576; x_wconf 87' lang='lat' dir='ltr'>ipse</span> <span class='ocrx_word' id='word_1_302' title='bbox 1233 3504 1356 3559; x_wconf 86' lang='lat' dir='ltr'>titionem</span> 
     </span>
     <span class='ocr_line' id='line_1_38' title="bbox 65 3585 983 3662; baseline 0.002 -20"><span class='ocrx_word' id='word_1_303' title='bbox 65 3585 158 3645; x_wconf 86' lang='lat' dir='ltr'>ilium.</span> <span class='ocrx_word' id='word_1_304' title='bbox 182 3603 261 3659; x_wconf 86' lang='lat' dir='ltr'>quern</span> <span class='ocrx_word' id='word_1_305' title='bbox 285 3585 349 3641; x_wconf 84' lang='lat' dir='ltr'>olim</span> <span class='ocrx_word' id='word_1_306' title='bbox 372 3605 452 3644; x_wconf 90' lang='lat' dir='ltr'>manu</span> <span class='ocrx_word' id='word_1_307' title='bbox 476 3597 570 3644; x_wconf 85' lang='lat' dir='ltr'>teneus</span> <span class='ocrx_word' id='word_1_308' title='bbox 593 3587 619 3643; x_wconf 91' lang='lat' dir='ltr'>iu</span> <span class='ocrx_word' id='word_1_309' title='bbox 642 3589 731 3661; x_wconf 87' lang='lat' dir='ltr'>iguem</span> <span class='ocrx_word' id='word_1_310' title='bbox 754 3587 923 3662; x_wconf 88' lang='lat' dir='ltr'>proiieiehat.</span> <span class='ocrx_word' id='word_1_311' title='bbox 981 3620 983 3626; x_wconf 77' lang='lat'>.</span> 
     </span>
    </p>

    <p class='ocr_par' dir='ltr' id='par_1_20' title="bbox 131 3670 1425 3747">
     <span class='ocr_line' id='line_1_39' title="bbox 131 3670 1425 3747; baseline 0.003 -21"><span class='ocrx_word' id='word_1_312' title='bbox 131 3670 287 3737; x_wconf 81' lang='lat' dir='ltr'>Canidia.</span> <span class='ocrx_word' id='word_1_313' title='bbox 325 3671 444 3733; x_wconf 65' lang='lat' dir='ltr'>amabo.</span> <span class='ocrx_word' id='word_1_314' title='bbox 465 3681 542 3728; x_wconf 87' lang='lat' dir='ltr'>estne</span> <span class='ocrx_word' id='word_1_315' title='bbox 564 3672 700 3728; x_wconf 88' lang='lat' dir='ltr'><strong>Lutherus</strong></span> <span class='ocrx_word' id='word_1_316' title='bbox 723 3674 750 3728; x_wconf 89' lang='lat' dir='ltr'>in</span> <span class='ocrx_word' id='word_1_317' title='bbox 774 3673 898 3747; x_wconf 83' lang='lat' dir='ltr'>manihus</span> <span class='ocrx_word' id='word_1_318' title='bbox 921 3673 1036 3730; x_wconf 85' lang='lat' dir='ltr'>vestris?</span> <span class='ocrx_word' id='word_1_319' title='bbox 1363 3682 1425 3732; x_wconf 78' lang='lat' dir='ltr'>hu.</span> 
     </span>
    </p>

    <p class='ocr_par' dir='ltr' id='par_1_21' title="bbox 131 3755 1355 3832">
     <span class='ocr_line' id='line_1_40' title="bbox 131 3755 1355 3832; baseline 0 -21"><span class='ocrx_word' id='word_1_320' title='bbox 131 3755 276 3812; x_wconf 85' lang='lat' dir='ltr'>liuheus.</span> <span class='ocrx_word' id='word_1_321' title='bbox 313 3756 380 3812; x_wconf 85' lang='lat' dir='ltr'>Osi</span> <span class='ocrx_word' id='word_1_322' title='bbox 402 3765 487 3818; x_wconf 84' lang='lat' dir='ltr'>esset,</span> <span class='ocrx_word' id='word_1_323' title='bbox 504 3755 552 3812; x_wconf 68' lang='lat' dir='ltr'>,vel</span> <span class='ocrx_word' id='word_1_324' title='bbox 575 3757 624 3812; x_wconf 90' lang='lat' dir='ltr'>hae</span> <span class='ocrx_word' id='word_1_325' title='bbox 646 3757 714 3813; x_wconf 90' lang='lat' dir='ltr'><strong>hora</strong></span> <span class='ocrx_word' id='word_1_326' title='bbox 736 3775 786 3831; x_wconf 90' lang='lat' dir='ltr'>per</span> <span class='ocrx_word' id='word_1_327' title='bbox 808 3758 979 3820; x_wconf 84' lang='lat' dir='ltr'>iiusitaoam,</span> <span class='ocrx_word' id='word_1_328' title='bbox 1009 3773 1089 3832; x_wconf 85' lang='lat' dir='ltr'>qnam</span> <span class='ocrx_word' id='word_1_329' title='bbox 1112 3757 1225 3818; x_wconf 85' lang='lat' dir='ltr'>incedit,</span> <span class='ocrx_word' id='word_1_330' title='bbox 1249 3755 1355 3813; x_wconf 83' lang='lat' dir='ltr'>incede·</span> 
     </span>
    </p>

    <p class='ocr_par' dir='ltr' id='par_1_22' title="bbox 30 3840 1357 3921">
     <span class='ocr_line' id='line_1_41' title="bbox 30 3840 1357 3921; baseline -0.002 -25"><span class='ocrx_word' id='word_1_331' title='bbox 30 3840 219 3905; x_wconf 63' lang='lat' dir='ltr'>wrotham:</span> <span class='ocrx_word' id='word_1_332' title='bbox 252 3857 345 3897; x_wconf 83' lang='lat' dir='ltr'>veroin</span> <span class='ocrx_word' id='word_1_333' title='bbox 367 3859 427 3900; x_wconf 79' lang='lat' dir='ltr'>orno</span> <span class='ocrx_word' id='word_1_334' title='bbox 458 3840 548 3921; x_wconf 78' lang='lat' dir='ltr'>abest,</span> <span class='ocrx_word' id='word_1_335' title='bbox 580 3859 636 3915; x_wconf 83' lang='lat' dir='ltr'>quo</span> <span class='ocrx_word' id='word_1_336' title='bbox 662 3841 727 3898; x_wconf 80' lang='lat' dir='ltr'><strong>(tolo</strong></span> <span class='ocrx_word' id='word_1_337' title='bbox 760 3842 891 3916; x_wconf 78' lang='lat' dir='ltr'>quibusve</span> <span class='ocrx_word' id='word_1_338' title='bbox 920 3843 1091 3916; x_wconf 90' lang='lat' dir='ltr'>opprimatur</span> <span class='ocrx_word' id='word_1_339' title='bbox 1119 3840 1273 3900; x_wconf 78' lang='lat' dir='ltr'>fraudibus.</span> <span class='ocrx_word' id='word_1_340' title='bbox 1306 3840 1357 3894; x_wconf 83' lang='lat' dir='ltr'>iani</span> 
     </span>
    </p>
   </div>
   <div class='ocr_carea' id='block_1_3' title="bbox 67 4019 1360 4746">
    <p class='ocr_par' dir='ltr' id='par_1_23' title="bbox 67 4019 1360 4745">
     <span class='ocr_line' id='line_1_42' title="bbox 141 4019 1359 4091; baseline -0.002 -20"><span class='ocrx_word' id='word_1_341' title='bbox 141 4021 150 4054; x_wconf 90' lang='lat'><strong>¹</strong></span> <span class='ocrx_word' id='word_1_342' title='bbox 167 4021 224 4072; x_wconf 79' lang='lat' dir='ltr'>titt.</span> <span class='ocrx_word' id='word_1_343' title='bbox 236 4025 263 4071; x_wconf 71' lang='lat'>⁴.</span> <span class='ocrx_word' id='word_1_344' title='bbox 281 4054 282 4057; x_wconf 25' lang='grc' dir='ltr'>ι</span> <span class='ocrx_word' id='word_1_345' title='bbox 316 4019 328 4055; x_wconf 79' lang='lat'><strong>⁴</strong></span> <span class='ocrx_word' id='word_1_346' title='bbox 345 4022 375 4071; x_wconf 88' lang='lat' dir='ltr'>in</span> <span class='ocrx_word' id='word_1_347' title='bbox 392 4027 473 4087; x_wconf 82' lang='lat' dir='ltr'>prato</span> <span class='ocrx_word' id='word_1_348' title='bbox 491 4020 560 4087; x_wconf 75' lang='lat' dir='ltr'>fleu]</span> <span class='ocrx_word' id='word_1_349' title='bbox 584 4021 625 4075; x_wconf 66' lang='lat' dir='ltr'>imv</span> <span class='ocrx_word' id='word_1_350' title='bbox 637 4022 821 4091; x_wconf 69' lang='lat' dir='ltr'>ffioinrgurteu.</span> <span class='ocrx_word' id='word_1_351' title='bbox 892 4020 915 4055; x_wconf 73' lang='lat'>¹⁸</span> <span class='ocrx_word' id='word_1_352' title='bbox 931 4019 1094 4088; x_wconf 84' lang='lat' dir='ltr'>proseucha]</span> <span class='ocrx_word' id='word_1_353' title='bbox 1113 4020 1157 4071; x_wconf 76' lang='lat' dir='ltr'>Cf.</span> <span class='ocrx_word' id='word_1_354' title='bbox 1171 4021 1228 4069; x_wconf 90' lang='lat' dir='ltr'>lov.</span> <span class='ocrx_word' id='word_1_355' title='bbox 1241 4024 1294 4069; x_wconf 84' lang='lat' dir='ltr'>sat.</span> <span class='ocrx_word' id='word_1_356' title='bbox 1309 4019 1359 4068; x_wconf 85' lang='lat'>111.</span> 
     </span>
     <span class='ocr_line' id='line_1_43' title="bbox 67 4103 1358 4171; baseline -0.003 -15"><span class='ocrx_word' id='word_1_357' title='bbox 67 4105 127 4158; x_wconf 75' lang='grc'>296.</span> <span class='ocrx_word' id='word_1_358' title='bbox 182 4104 203 4137; x_wconf 85' lang='lat'>¹³</span> <span class='ocrx_word' id='word_1_359' title='bbox 222 4105 426 4171; x_wconf 80' lang='lat' dir='ltr'>labyrintheum</span> <span class='ocrx_word' id='word_1_360' title='bbox 444 4107 571 4157; x_wconf 83' lang='lat' dir='ltr'>inditium</span> <span class='ocrx_word' id='word_1_361' title='bbox 584 4111 658 4159; x_wconf 82' lang='lat'>1...3.</span> <span class='ocrx_word' id='word_1_362' title='bbox 705 4104 727 4139; x_wconf 58' lang='grc' dir='ltr'>’Β</span> <span class='ocrx_word' id='word_1_363' title='bbox 746 4108 843 4168; x_wconf 78' lang='lat' dir='ltr'>‘Quom</span> <span class='ocrx_word' id='word_1_364' title='bbox 861 4106 970 4171; x_wconf 80' lang='lat' dir='ltr'>gaudeo</span> <span class='ocrx_word' id='word_1_365' title='bbox 989 4112 1016 4155; x_wconf 85' lang='lat' dir='ltr'>et</span> <span class='ocrx_word' id='word_1_366' title='bbox 1033 4105 1129 4156; x_wconf 83' lang='lat' dir='ltr'>loetor&#39;.</span> <span class='ocrx_word' id='word_1_367' title='bbox 1148 4105 1279 4154; x_wconf 67' lang='lat' dir='ltr'>eddim.</span> <span class='ocrx_word' id='word_1_368' title='bbox 1299 4103 1358 4152; x_wconf 71' lang='lat' dir='ltr'>hri·</span> 
     </span>
     <span class='ocr_line' id='line_1_44' title="bbox 69 4178 1358 4256; baseline -0.005 -14"><span class='ocrx_word' id='word_1_369' title='bbox 69 4190 160 4256; x_wconf 82' lang='lat' dir='ltr'>steph.</span> <span class='ocrx_word' id='word_1_370' title='bbox 173 4187 246 4240; x_wconf 81' lang='lat' dir='ltr'>Plot.</span> <span class='ocrx_word' id='word_1_371' title='bbox 260 4188 318 4240; x_wconf 71' lang='lat' dir='ltr'>uis.</span> <span class='ocrx_word' id='word_1_372' title='bbox 347 4180 395 4249; x_wconf 71' lang='lat' dir='ltr'>‘tea</span> <span class='ocrx_word' id='word_1_373' title='bbox 411 4178 520 4256; x_wconf 73' lang='grc' dir='ltr'>ἥδομαι</span> <span class='ocrx_word' id='word_1_374' title='bbox 538 4188 587 4241; x_wconf 79' lang='lat' dir='ltr'>sari</span> <span class='ocrx_word' id='word_1_375' title='bbox 605 4185 744 4255; x_wconf 63' lang='grc' dir='ltr'>τέρπομαι</span> <span class='ocrx_word' id='word_1_376' title='bbox 762 4186 812 4240; x_wconf 70' lang='lat' dir='ltr'>sai</span> <span class='ocrx_word' id='word_1_377' title='bbox 830 4184 968 4254; x_wconf 63' lang='grc' dir='ltr'>βούλομαι</span> <span class='ocrx_word' id='word_1_378' title='bbox 987 4186 1129 4253; x_wconf 69' lang='grc' dir='ltr'>χορεῦσαι.</span> <span class='ocrx_word' id='word_1_379' title='bbox 1199 4185 1224 4219; x_wconf 67' lang='lat'>⁸⁸</span> <span class='ocrx_word' id='word_1_380' title='bbox 1240 4185 1358 4236; x_wconf 78' lang='lat' dir='ltr'>‘Chirur-</span> 
     </span>
     <span class='ocr_line' id='line_1_45' title="bbox 69 4269 1357 4340; baseline -0.002 -17"><span class='ocrx_word' id='word_1_381' title='bbox 69 4277 151 4340; x_wconf 63' lang='grc' dir='ltr'>μ’.</span> <span class='ocrx_word' id='word_1_382' title='bbox 170 4276 188 4323; x_wconf 84' lang='grc' dir='ltr'>ι’.</span> <span class='ocrx_word' id='word_1_383' title='bbox 200 4290 232 4323; x_wconf 74' lang='grc' dir='ltr'>ιιι</span> <span class='ocrx_word' id='word_1_384' title='bbox 241 4276 297 4324; x_wconf 75' lang='grc' dir='ltr'>Μ.</span> <span class='ocrx_word' id='word_1_385' title='bbox 334 4274 377 4323; x_wconf 89' lang='lat' dir='ltr'>De</span> <span class='ocrx_word' id='word_1_386' title='bbox 389 4273 545 4324; x_wconf 82' lang='lat' dir='ltr'>Brandenb.</span> <span class='ocrx_word' id='word_1_387' title='bbox 560 4277 644 4340; x_wconf 85' lang='lat' dir='ltr'>episo.</span> <span class='ocrx_word' id='word_1_388' title='bbox 659 4275 695 4324; x_wconf 80' lang='lat' dir='ltr'>ef.</span> <span class='ocrx_word' id='word_1_389' title='bbox 707 4273 824 4324; x_wconf 83' lang='lat' dir='ltr'>Lutheri</span> <span class='ocrx_word' id='word_1_390' title='bbox 837 4274 871 4323; x_wconf 85' lang='lat' dir='ltr'>ad</span> <span class='ocrx_word' id='word_1_391' title='bbox 884 4274 1050 4337; x_wconf 85' lang='lat' dir='ltr'>Stnupttium</span> <span class='ocrx_word' id='word_1_392' title='bbox 1063 4271 1089 4320; x_wconf 86' lang='lat' dir='ltr'>d.</span> <span class='ocrx_word' id='word_1_393' title='bbox 1097 4271 1190 4321; x_wconf 65' lang='lat' dir='ltr'>host.</span> <span class='ocrx_word' id='word_1_394' title='bbox 1199 4271 1235 4320; x_wconf 89' lang='lat'>11.</span> <span class='ocrx_word' id='word_1_395' title='bbox 1244 4286 1269 4320; x_wconf 84' lang='grc' dir='ltr'>ιι.</span> <span class='ocrx_word' id='word_1_396' title='bbox 1286 4269 1357 4320; x_wconf 75' lang='lat' dir='ltr'>thid.</span> 
     </span>
     <span class='ocr_line' id='line_1_46' title="bbox 69 4355 1360 4424; baseline -0.002 -16"><span class='ocrx_word' id='word_1_397' title='bbox 69 4359 127 4409; x_wconf 80' lang='lat' dir='ltr'>dut.</span> <span class='ocrx_word' id='word_1_398' title='bbox 141 4358 224 4423; x_wconf 86' lang='lat' dir='ltr'>epist.</span> <span class='ocrx_word' id='word_1_399' title='bbox 249 4357 294 4420; x_wconf 88' lang='lat' dir='ltr'>(de</span> <span class='ocrx_word' id='word_1_400' title='bbox 307 4359 399 4408; x_wconf 82' lang='lat' dir='ltr'>Wette</span> <span class='ocrx_word' id='word_1_401' title='bbox 417 4359 440 4408; x_wconf 92' lang='lat'>1.</span> <span class='ocrx_word' id='word_1_402' title='bbox 453 4376 479 4424; x_wconf 90' lang='lat' dir='ltr'>p.</span> <span class='ocrx_word' id='word_1_403' title='bbox 492 4358 551 4410; x_wconf 74' lang='lat'>342.</span> <span class='ocrx_word' id='word_1_404' title='bbox 568 4359 693 4409; x_wconf 80' lang='lat' dir='ltr'>Aurifab.</span> <span class='ocrx_word' id='word_1_405' title='bbox 708 4359 729 4407; x_wconf 93' lang='lat'>1.</span> <span class='ocrx_word' id='word_1_406' title='bbox 742 4356 814 4420; x_wconf 74' lang='lat'>210.)</span> <span class='ocrx_word' id='word_1_407' title='bbox 834 4358 1007 4422; x_wconf 83' lang='lat' dir='ltr'>„Episcopus</span> <span class='ocrx_word' id='word_1_408' title='bbox 1026 4371 1101 4404; x_wconf 82' lang='lat' dir='ltr'>nuens</span> <span class='ocrx_word' id='word_1_409' title='bbox 1113 4355 1360 4421; x_wconf 85' lang='lat' dir='ltr'>Brondsnburgen-</span> 
     </span>
     <span class='ocr_line' id='line_1_47' title="bbox 70 4440 1358 4508; baseline -0.005 -14"><span class='ocrx_word' id='word_1_410' title='bbox 70 4445 108 4494; x_wconf 88' lang='lat' dir='ltr'>sis</span> <span class='ocrx_word' id='word_1_411' title='bbox 126 4446 278 4494; x_wconf 86' lang='lat' dir='ltr'>monstrum</span> <span class='ocrx_word' id='word_1_412' title='bbox 296 4443 428 4508; x_wconf 84' lang='lat' dir='ltr'>parturit,</span> <span class='ocrx_word' id='word_1_413' title='bbox 448 4444 535 4493; x_wconf 89' lang='lat' dir='ltr'>bonus</span> <span class='ocrx_word' id='word_1_414' title='bbox 553 4443 645 4504; x_wconf 89' lang='lat' dir='ltr'><strong>homo,</strong></span> <span class='ocrx_word' id='word_1_415' title='bbox 666 4448 694 4491; x_wconf 84' lang='lat' dir='ltr'>et</span> <span class='ocrx_word' id='word_1_416' title='bbox 711 4441 783 4491; x_wconf 84' lang='lat' dir='ltr'>sieut</span> <span class='ocrx_word' id='word_1_417' title='bbox 800 4441 882 4490; x_wconf 79' lang='lat' dir='ltr'>Moab</span> <span class='ocrx_word' id='word_1_418' title='bbox 902 4440 962 4505; x_wconf 88' lang='lat' dir='ltr'>plus</span> <span class='ocrx_word' id='word_1_419' title='bbox 980 4453 1147 4505; x_wconf 75' lang='lat' dir='ltr'>praestruens</span> <span class='ocrx_word' id='word_1_420' title='bbox 1165 4454 1245 4503; x_wconf 84' lang='lat' dir='ltr'>quarn</span> <span class='ocrx_word' id='word_1_421' title='bbox 1263 4440 1358 4504; x_wconf 87' lang='lat' dir='ltr'>possit.</span> 
     </span>
     <span class='ocr_line' id='line_1_48' title="bbox 70 4524 1360 4590; baseline -0.003 -13"><span class='ocrx_word' id='word_1_422' title='bbox 70 4528 182 4577; x_wconf 82' lang='lat' dir='ltr'>Dixisse</span> <span class='ocrx_word' id='word_1_423' title='bbox 202 4527 302 4588; x_wconf 78' lang='lat' dir='ltr'><strong>fertur,</strong></span> <span class='ocrx_word' id='word_1_424' title='bbox 322 4541 376 4577; x_wconf 86' lang='lat' dir='ltr'>noo</span> <span class='ocrx_word' id='word_1_425' title='bbox 394 4528 590 4578; x_wconf 86' lang='lat' dir='ltr'>reolinnturum</span> <span class='ocrx_word' id='word_1_426' title='bbox 608 4541 637 4575; x_wconf 86' lang='lat' dir='ltr'>ss</span> <span class='ocrx_word' id='word_1_427' title='bbox 657 4528 741 4590; x_wconf 84' lang='lat' dir='ltr'>eaput</span> <span class='ocrx_word' id='word_1_428' title='bbox 758 4525 894 4586; x_wconf 72' lang='lat' dir='ltr'>suaviter,</span> <span class='ocrx_word' id='word_1_429' title='bbox 914 4525 968 4574; x_wconf 87' lang='lat' dir='ltr'>nisi</span> <span class='ocrx_word' id='word_1_430' title='bbox 980 4525 1056 4589; x_wconf 81' lang='lat' dir='ltr'>prius</span> <span class='ocrx_word' id='word_1_431' title='bbox 1067 4524 1235 4572; x_wconf 81' lang='lat' dir='ltr'>Murtinmn</span> <span class='ocrx_word' id='word_1_432' title='bbox 1228 4538 1255 4572; x_wconf 90' lang='grc' dir='ltr'>ιιι</span> <span class='ocrx_word' id='word_1_433' title='bbox 1269 4524 1360 4588; x_wconf 83' lang='lat' dir='ltr'>ignem</span> 
     </span>
     <span class='ocr_line' id='line_1_49' title="bbox 70 4606 1360 4704; baseline -0.004 -41"><span class='ocrx_word' id='word_1_434' title='bbox 70 4610 467 4676; x_wconf 81' lang='lat' dir='ltr'>proiieiat,sieattitionenr,</span> <span class='ocrx_word' id='word_1_435' title='bbox 487 4612 585 4676; x_wconf 79' lang='lat' dir='ltr'>inquit,</span> <span class='ocrx_word' id='word_1_436' title='bbox 605 4609 880 4674; x_wconf 57' lang='lat' dir='ltr'>intumescentium</span> <span class='ocrx_word' id='word_1_437' title='bbox 898 4609 996 4659; x_wconf 75' lang='lat' dir='ltr'>dinem</span> <span class='ocrx_word' id='word_1_438' title='bbox 1012 4606 1117 4704; x_wconf 86' lang='lat' dir='ltr'>simul&#39;</span> <span class='ocrx_word' id='word_1_439' title='bbox 1110 4623 1139 4656; x_wconf 83' lang='lat' dir='ltr'>in</span> <span class='ocrx_word' id='word_1_440' title='bbox 1157 4608 1249 4672; x_wconf 78' lang='lat' dir='ltr'>ignem</span> <span class='ocrx_word' id='word_1_441' title='bbox 1268 4608 1360 4658; x_wconf 83' lang='lat' dir='ltr'>eonio-</span> 
     </span>
     <span class='ocr_line' id='line_1_50' title="bbox 71 4696 1298 4746; baseline -0.003 -1"><span class='ocrx_word' id='word_1_442' title='bbox 71 4696 136 4746; x_wconf 82' lang='lat' dir='ltr'>eit”.</span> <span class='ocrx_word' id='word_1_443' title='bbox 157 4709 310 4745; x_wconf 75' lang='grc' dir='ltr'>ιιιιιιιιιιιι.</span> <span class='ocrx_word' id='word_1_444' title='bbox 1295 4702 1298 4708; x_wconf 84' lang='grc'><strong>’</strong></span> 
     </span>
    </p>
   </div>
   <div class='ocr_carea' id='block_1_4' title="bbox 0 0 1634 5416">
    <p class='ocr_par' dir='ltr' id='par_1_24' title="bbox 0 0 1634 5416">
     <span class='ocr_line' id='line_1_51' title="bbox 0 0 1634 5416; baseline 0 0"><span class='ocrx_word' id='word_1_445' title='bbox 0 0 1634 5416; x_wconf 95' lang='lat' dir='ltr'> </span> 
     </span>
    </p>
   </div>
  </div>
 </body>
</html>
