3254 5430
674 1051 842 1134 33133
885 1048 1131 1134 noniano
1199 1023 1226 1113 Τ

649 1185 706 1255 031
727 1185 802 1246 libor
824 1186 947 1251 Vadiseo
970 1187 1163 1248 adscribitur:
1199 1224 1210 1237 -

487 1305 580 1365 doctis
603 1323 672 1366 acro
695 1311 798 1365 nutum
820 1313 881 1374 est,
910 1306 975 1384 quis
998 1306 1086 1366 luerit
1106 1304 1154 1365 ille
1177 1305 1327 1365 Vadisnus.

210 1480 247 1546 (l)
261 1479 322 1534 'Iria
346 1478 421 1534 urbis
444 1479 535 1534 Romae
556 1477 716 1550 dignitatem
740 1485 866 1535 tuentur:
890 1478 1042 1535 authoritas
1065 1477 1214 1553 pontilicis,
1245 1477 1369 1552 reliquias
1390 1487 1539 1541 sanctorum

346 1569 373 1617 et
396 1580 470 1618 mera
493 1562 731 1636 indulgentiarum.
755 1557 800 1638 [1]
1545 1575 1554 1612 ⁵

260 1648 322 1704 l'ria
345 1648 427 1703 llnrna
450 1655 641 1720 reportantur:
670 1646 814 1721 deprauata
842 1648 1023 1711 conscientia,
1050 1655 1198 1722 corruptus
1226 1648 1397 1711 stomachus,
1425 1657 1453 1704 et
1477 1646 1539 1704 vacui

344 1730 435 1788 loculi.
460 1727 504 1809 [4]

260 1818 322 1875 'Iria
345 1816 460 1873 maxime
481 1815 664 1874 conservanda
679 1817 763 1890 Roma
785 1816 929 1874 interlicit:
952 1816 1050 1890 bonam
1066 1817 1275 1888 conscientiam,
1299 1816 1443 1891 roligionis
1458 1817 1539 1878 zelum.

344 1909 373 1957 et
394 1901 596 1964 iusiurandum
624 1902 684 1957 ideo
708 1901 843 1975 fugienda.
975 1896 978 1899 ’

261 1986 324 2042 'lria
347 1986 369 2041 si
399 1994 659 2049 commemorantur,
689 1982 780 2044 iloma'
793 1986 912 2042 deridet:
936 1986 1068 2043 maiorum
1092 1984 1227 2061 exempla,
1256 1986 1443 2060 pontificatum
1470 1986 1563 2048 Penta

346 2079 374 2126 et
395 2080 545 2127 extromum
568 2071 705 2127 iudicium.
1246 2090 1251 2095 ¹

140 2209 144 2215 .
185 2144 187 2151 ¹
210 2161 247 2224 (5)
261 2155 359 2212 Tribus
382 2155 464 2212 rebus
486 2155 605 2211 abundat
626 2154 724 2212 boma:
746 2155 971 2230 antiquitatibus,
994 2155 1120 2218 venenis,
1143 2164 1171 2211 et
1192 2156 1326 2212 vastitate.
1352 2150 1454 2232 [317]

261 2240 324 2295 'Iria
347 2240 407 2295 inde
429 2238 552 2296 exulant:
577 2240 751 2314 simplicitas,
775 2241 957 2306 coritiuentia,
981 2250 1010 2302 et
1032 2241 1185 2314 integritas.

260 2323 327 2379 'l'res
361 2332 425 2379 sunt
457 2325 639 2380 Rornanorum
671 2326 871 2400 negotiatorum
907 2342 1024 2383 merces:
1064 2325 1202 2389 Christus,
1237 2325 1404 2388 sacerdotia,
1438 2334 1465 2381 et
1494 2341 1541 2380 mu·

345 2407 434 2464 lieres.
459 2403 518 2484 [54]
864 2417 866 2419 ’
1129 2470 1131 2475 ,
1259 2480 1262 2485 ι
1548 2415 1566 2454 ¹⁵

261 2494 323 2549 'Iria
345 2494 439 2549 auditu
458 2494 549 2549 llornm
572 2502 635 2549 sunt
658 2495 830 2569 gravissimaz
853 2495 980 2569 generale
1001 2493 1169 2560 concilium,
1184 2495 1337 2550 emendatio
1361 2502 1449 2550 status
1470 2492 1542 2550 eccle

347 2577 465 2640 siastici,
488 2587 516 2634 et
539 2579 611 2652 quod
634 2578 758 2638 Geranaui
782 2580 877 2636 oeulos
891 2580 1054 2654 recipiunt..
1068 2575 1130 2657 [11]
1170 2614 1171 2619 1

261 2678 426 2739 rursumque
456 2663 506 2719 tria
539 2662 670 2720 dolenter.
693 2665 799 2722 ierunt:
833 2664 987 2739 principum
1014 2664 1211 2726 Germanorum
1237 2665 1426 2728 concordiam,
1460 2660 1542 2738 populi

258 2808 264 2817 ,
347 2747 569 2822 intelligentiam.
592 2758 620 2806 et
642 2751 715 2824 qnod
738 2767 793 2808 suae
816 2751 924 2806 fraudes
948 2750 1128 2807 innotescant.
1151 2744 1213 2825 [11]

205 2828 322 2893 Ι011313
345 2832 460 2889 marimo
484 2834 509 2888 13
533 2828 625 2907 precio
648 2834 739 2890 uomae
768 2844 845 2891 suut:
879 2843 1005 2892 venustas
1035 2833 1192 2897 mullorum,
1225 2850 1360 2908 equorum
1388 2833 1568 2909 praestantiatl

345 2926 372 2974 et
393 2918 540 2992 diplomata
562 2918 708 2991 pontilicis.
732 2913 783 2996 [J

260 3001 321 3059 'l'ria
345 3011 409 3058 sunt
432 3003 458 3058 in
482 3019 532 3058 usu
556 3003 698 3076 frequenti
715 3003 828 3063 tome:
845 3004 935 3061 carnis
957 3003 1098 3078 voluptas,
1121 3003 1235 3059 restium
1258 3002 1379 3065 luxuria,
1403 3012 1431 3059 et
1453 3003 1543 3059 auimo

344 3104 403 3143 rum
426 3088 523 3143 iustus.
547 3082 609 3164 [10]
1395 3082 1397 3086 ’

260 3171 322 3228 'Iria
346 3172 448 3228 iaciunt
470 3172 587 3228 otiantes
609 3173 717 3229 borum:
737 3172 928 3236 donrnbulare,
951 3173 1082 3236 scortari,
1105 3181 1133 3229 et
1154 3172 1274 3229 convivia
1297 3189 1388 3245 agere.
1414 3167 1476 3249 [17]

262 3256 323 3319 Tria
345 3265 409 3312 suut
433 3256 469 3311 ibi
491 3272 642 3330 pauperum
665 3257 793 3313 obsonia:
817 3258 892 3320 olus,
915 3276 1003 3333 cepe,
1026 3267 1055 3314 et
1077 3257 1177 3314 allium.
1201 3252 1266 3334 [18]

260 3357 291 3396 ae
314 3340 364 3395 tria
387 3339 568 3414 locupletum:
593 3342 677 3397 sudor
698 3358 863 3416 pauperum,
888 3361 991 3405 usurae,
1022 3351 1053 3404 et,
1072 3342 1160 3416 spolia
1183 3342 1327 3414 Christiani
1350 3340 1456 3416 populi.

192 3422 323 3487 (latina
344 3424 501 3480 calamitosa
524 3433 642 3500 syrmata
664 3435 728 3500 post
756 3422 785 3483 se
815 3428 926 3484 trabunt
948 3426 1102 3483 Cardinales
1124 3427 1231 3482 Romu:
1260 3426 1427 3488 indumenti,
1458 3425 1559 3500 quibus·

346 3508 485 3582 pulverem
507 3510 656 3566 excitantes
679 3511 880 3585 insequentium
904 3511 999 3568 oculos
1023 3518 1080 3568 tota
1101 3527 1295 3584 nonnunquam
1310 3510 1394 3567 Roma
1410 3511 1545 3569 iuresunn

348 3592 490 3656 familiam,
515 3612 575 3667 quaa
597 3612 630 3651 er
653 3597 734 3651 ureris
757 3596 935 3670 utplurimum
958 3595 1161 3669 grassatoribus
1183 3596 1233 3662 sit,
1257 3613 1289 3651 er
1304 3594 1465 3658 lenonibus,
1487 3595 1546 3650 sica·

344 3677 392 3732 riis
415 3686 443 3734 ct
470 3679 619 3742 calamitis,
648 3697 680 3735 ex
707 3680 895 3753 proditoribus
919 3689 950 3737 et
976 3680 1109 3755 improbis
1135 3680 1281 3737 cortisanis
1304 3687 1351 3736 aut
1373 3678 1455 3736 aliter
1475 3679 1571 3751 {lagi-tl

345 3762 424 3818 tiosis
452 3781 482 3818 nc
504 3764 621 3837 pessime
650 3765 763 3821 moratis
786 3765 957 3828 homiuibus.
988 3775 1016 3821 et
1043 3766 1227 3837 contaminato
1255 3782 1305 3838 per
1334 3764 1425 3821 omnia
1455 3781 1545 3839 gregez

346 3846 474 3920 vectigal,
508 3847 534 3903 id
557 3849 629 3904 enim
651 3867 712 3905 cum
735 3849 771 3905 sit
794 3858 881 3906 toturn
904 3868 936 3906 ei
959 3850 1143 3911 fraudatione,
1177 3850 1270 3925 rapina
1293 3857 1321 3905 et
1350 3849 1440 3912 furto,
1474 3863 1545 3922 quarn

345 3931 505 4006 longissime
528 3948 636 3990 verrere
659 3951 720 4007 quaa
743 3933 862 4008 attingat
884 3952 975 3991 secum
999 3935 1101 3997 omnia,
1125 3928 1153 3989 et
1176 3933 1285 3989 trabere
1306 3934 1472 4007 contagione
1487 3949 1546 4007 qua·

343 4017 404 4074 (lam
426 4017 516 4073 omnia
538 4018 631 4075 vicina.
657 4013 718 4095 [113]
1019 4006 1022 4011 ’

258 4134 462 4153 -ς-Δ-

324 4199 473 4252 ⁸Primum
496 4199 593 4250 domus
621 4199 673 4250 lius
701 4199 806 4250 triades
836 4216 869 4250 ex
898 4199 991 4250 Wolfii
1016 4200 1185 4251 lectionibus
1214 4199 1263 4264 (el.
1286 4199 1347 4249 Ind.
1371 4198 1500 4265 bibliogr.
1522 4213 1545 4246 n.

256 4285 396 4348 XXVIII.)
423 4285 526 4335 Latine
554 4284 738 4350 conscriptas,
766 4289 797 4334 31
821 4299 882 4349 quoe
905 4286 1016 4350 propius
1042 4286 1079 4335 nd
1100 4285 1218 4335 Huttnni
1240 4283 1382 4349 dialogum
1406 4284 1545 4335 accedunt

257 4370 410 4420 adiciemus
429 4370 512 4420 311333
532 4369 698 4421 Germanice
718 4370 904 4434 conscriptas,
925 4371 1049 4434 quamvis
1067 4385 1123 4420 nnn
1140 4384 1235 4420 omnes
1252 4385 1285 4419 ex
1302 4370 1429 4419 Hulteno
1447 4369 1544 4419 desum·

255 4457 324 4517 3133,
348 4454 397 4504 sed
411 4453 495 4505 Croto
513 4453 609 4504 deberi
621 4454 776 4504 videantur.
801 4454 914 4504 Numeri
932 4471 999 4520 quos
1016 4449 1159 4520 uncinisss
1178 4452 1300 4504 inclusos
1319 4453 1483 4504 addidimus.
1515 4449 1545 4500 nd

256 4536 439 4589 Germanicas
458 4538 576 4600 triades,
595 4542 627 4587 nt
643 4538 686 4588 his
705 4538 794 4590 additi
812 4539 847 4589 nd
858 4540 977 4590 Latiares
990 4541 1124 4591 referunt.
1185 4537 1207 4572 ¹⁸
1225 4535 1435 4605 Germanorum]
1453 4539 1544 4589 Roma·

255 4634 350 4671 norum
373 4623 454 4686 Wolf.
1243 4624 1249 4641 '
