3210 5416
238 352 314 422 584
350 365 354 374 “
676 377 794 412 nranoor
814 336 1086 412 renvnonvrrnnrcr.

238 522 366 613 repntenl
387 556 448 594 eum
471 555 522 611 pro
545 538 635 598 asino:
658 535 705 592 sed
728 536 781 592 hoc
804 536 861 609 ipse
884 551 938 591 non
961 541 1055 590 curat:
1078 551 1128 589 vos
1151 541 1244 589 autem
1261 532 1332 589 estis
1346 549 1420 601 ¹trtius
1434 548 1520 605 pauper
1589 597 1593 606 ὁ

237 626 322 680 irater
343 631 370 678 et
393 622 540 678 mendicus.
578 620 647 677 dabo
662 615 756 693 'igitur
779 620 855 675 veliis
878 637 960 675 unum
983 618 1057 674 aliud
1080 617 1242 674 eonsilium:
1268 635 1411 691 nimquam
1431 614 1521 688 legistis

238 709 355 765 ‘Munera
377 715 554 780 corrumpunt
567 715 604 763 et
626 706 764 763 obcaecant
782 706 867 761 etiam
891 703 985 760 oculos
1007 699 1188 778 sapientum?

171 815 228 864 aaa,
305 792 547 848 llocbstratus.
583 792 640 863 Ego
663 808 723 846 sum
747 791 783 847 ita
807 797 956 864 occupatus
978 789 1005 844 in
1029 797 1124 846 saneto
1148 788 1271 850 Thoana,
1302 788 1379 862 quod
1402 804 1523 859 nunqnam

240 879 266 935 in
290 879 343 933 vita
366 895 424 933 mea
447 875 551 950 perlegi
573 874 693 931 bibliam.
884 917 888 923 .
1037 940 1039 944 Ι
1144 867 1148 877 ’
1529 884 1538 921 s

301 964 454 1019 Stentor.
492 961 549 1016 lloo
570 978 625 1015 non
649 969 691 1016 est
714 968 802 1016 reete:
827 960 932 1017 faciatis
955 976 1023 1032 ergo
1046 958 1146 1021 adbuc,
1171 958 1235 1032 qnia
1259 976 1311 1032 per
1336 956 1441 1013 nullum
1456 956 1525 1012 aliun

239 1049 347 1105 medum
369 1064 515 1120 possumus
537 1063 597 1101 eum
621 1045 727 1101 vincere
748 1045 800 1100 nisi
823 1053 1013 1119 pertextam:
1045 1061 1105 1099 nam
1124 1053 1229 1100 >caetera
1255 1044 1350 1099 omnia
1373 1041 1421 1097 ille
1442 1041 1524 1096 redut

238 1142 265 1189 et
287 1149 369 1188 unuin
392 1130 478 1186 aliud:
501 1130 606 1186 debetis
629 1129 749 1185 seribere
773 1129 964 1190 sanctissimo.
989 1129 1062 1202 quod
1085 1129 1130 1184 det
1153 1129 1204 1184 sibi
1227 1146 1315 1184 urium
1339 1126 1526 1183 cardinalatum

239 1217 281 1274 rel
302 1216 491 1290 Episcopatum
515 1223 541 1270 et
564 1215 701 1275 videbitis,
725 1215 798 1288 quod
819 1215 875 1270 eito
899 1214 999 1280 tacebit
1020 1222 1047 1269 et
1069 1213 1208 1269 revocabit
1231 1213 1335 1269 omnia.

157 1301 229 1378 aaa,
304 1301 546 1357 lloclastrutus.
583 1299 639 1373 Ego
670 1298 752 1356 berieu
782 1300 855 1373 quod
883 1316 938 1355 non
965 1298 1092 1373 recipiet,
1121 1298 1184 1372 quia
1211 1316 1257 1354 res
1281 1307 1324 1353 est
1350 1298 1432 1353 nimis
1453 1294 1549 1350 dimi-n

241 1396 317 1463 gata,
341 1392 369 1442 et
391 1392 464 1440 esset
486 1385 537 1440 sibi
560 1403 687 1457 magnum
711 1384 881 1447 scandalum:
903 1384 986 1439 credo
1009 1392 1097 1439 tamen
1121 1384 1194 1456 quod
1210 1399 1337 1438 summus
1352 1382 1476 1456 condies
1489 1381 1525 1435 da-

241 1481 282 1527 ret
306 1471 356 1527 sibi
379 1487 434 1525 non
457 1469 545 1526 solum
567 1469 780 1532 cardinalatum,
803 1469 851 1525 sed
874 1468 953 1525 etiam
971 1469 1046 1539 ‘dues
1069 1467 1109 1522 vel
1133 1476 1189 1522 tres
1204 1467 1411 1541 Episcopatus,
1436 1475 1526 1522 tantem

241 1566 271 1613 ut
294 1574 347 1611 non
371 1554 531 1628 loqueretur
553 1563 648 1611 contra
671 1544 867 1628 Indulgentiae,
890 1561 1037 1610 utcontra
1060 1571 1134 1608 suam
1158 1553 1311 1609 avaritiam.
1589 1620 1590 1625 ἵ

305 1642 459 1696 Stentor.
498 1640 525 1695 Si
548 1641 600 1697 boc
623 1657 678 1696 nen
701 1641 786 1702 iuvat,
811 1649 875 1696 tunc
897 1649 971 1695 certe
995 1639 1094 1696 sactum
1110 1646 1165 1694 est:
1189 1654 1242 1711 ego
1260 1654 1318 1693 nen
1334 1654 1452 1711 possum
1467 1634 1526 1691 ultra

243 1725 395 1782 consulere.
1534 1732 1552 1771 n

172 1837 229 1886 gg,
304 1810 547 1869 lloebstratus.
583 1809 640 1883 Ego
663 1811 788 1866 deberem
811 1808 882 1867 ultra
906 1810 1091 1881 interrogare:
1114 1808 1207 1864 caeteri
1230 1807 1362 1880 magistri
1378 1807 1466 1862 nostri
1480 1821 1526 1860 noe

240 1904 303 1951 sunt
326 1902 489 1969 praesentes,
514 1903 601 1951 tamen
624 1897 710 1950 maior
731 1913 795 1969 pars
818 1904 860 1950 est
881 1911 1016 1968 praesens,
1040 1903 1068 1949 et
1091 1893 1151 1949 ideo
1175 1891 1237 1948 volo
1260 1891 1429 1948 concludere
1443 1907 1527 1948 mimn-

239 1982 302 2038 dum
325 1999 373 2036 eris
397 1980 442 2054 qni
466 1980 517 2035 inm
540 1989 604 2036 sunt
627 1989 785 2053 presentes.
829 1979 862 2035 Et
884 1979 956 2035 sicut
978 1978 1045 2034 Mne
1068 1977 1169 2038 audiri,
1194 1975 1288 2032 nullus
1312 1976 1397 2032 babet
1420 1975 1526 2048 compla-

207 2070 210 2077 '
240 2066 370 2129 centiam,
401 2083 487 2138 neque
511 2065 538 2120 in
561 2065 694 2129 lutbern,
724 2083 812 2138 neque
835 2065 861 2120 in
885 2062 945 2120 aliis
967 2064 1045 2119 neiis
1068 2063 1157 2136 poetis
1184 2070 1212 2118 et
1239 2061 1443 2124 scribentibus,
1473 2060 1527 2116 boet

239 2169 312 2206 irnus
334 2151 405 2205 dieat
427 2150 480 2211 sie,
505 2148 573 2206 alius
595 2149 690 2212 alitem
721 2158 749 2205 et
771 2150 834 2222 quia
857 2150 889 2205 ad
912 2166 1032 2223 praesens
1055 2165 1109 2203 non
1132 2164 1280 2221 possumus
1304 2164 1403 2202 omnes
1427 2145 1551 2201 illorumtt

242 2236 328 2291 libros
351 2235 521 2296 examinare,
545 2234 678 2295 cribrare,
702 2234 864 2309 reprobare,
893 2243 921 2289 et
945 2234 1005 2289 ideo
1028 2251 1078 2307 pro
1102 2244 1173 2288 nunc
1195 2230 1271 2288 nibil·
1287 2230 1416 2289 volumus
1438 2233 1526 2290 faeere.

241 2321 293 2376 nisi
316 2320 389 2393 qnod
412 2318 534 2374 volumus
558 2319 703 2393 probibere
726 2318 891 2393 perditores
914 2326 941 2373 et
957 2319 1168 2374 instrumentum
1182 2316 1324 2390 publicum
1340 2315 1420 2373 almae
1435 2324 1526 2372 nostra

242 2404 444 2465 Unirersitatis,
475 2420 508 2459 no
531 2404 591 2477 quis
611 2402 679 2463 illos
701 2403 868 2460 fabulatores
891 2403 973 2476 legat.
1017 2403 1122 2477 interea
1144 2401 1334 2475 unusquisque
1358 2409 1477 2457 vestrum
1496 2400 1527 2454 sit

245 2497 379 2550 armatus,
408 2496 440 2563 et¹
463 2488 543 2543 iaciat
566 2497 697 2561 quantum
720 2489 747 2543 in
770 2507 799 2545 se
821 2497 863 2544 est
886 2488 913 2543 in
928 2488 1016 2544 'dorne
1039 2506 1102 2549 sna,
1126 2504 1177 2560 pro
1201 2486 1389 2542 examinandis
1420 2485 1473 2541 illis
1499 2483 1527 2538 li-

174 2574 301 2639 §.nebris
323 2580 483 2647 poetarum,
513 2581 540 2628 et
562 2572 664 2629 scribat
687 2573 713 2628 in
736 2573 879 2630 volumine.
924 2581 989 2646 post
1011 2581 1067 2629 tres
1090 2589 1195 2629 menses
1219 2570 1347 2627 volumus
1371 2572 1468 2627 iterum
1488 2580 1552 2624 reta

240 2659 299 2715 nire
321 2666 349 2714 et
372 2658 463 2713 omnia
486 2657 640 2731 imprimere
669 2658 695 2713 in
725 2675 780 2715 uno
809 2658 944 2715 volumine
967 2658 1161 2714 sentimentum
1184 2656 1403 2730 uniuscuiusque
1427 2656 1453 2711 in
1473 2672 1526 2730 spe

240 2743 317 2806 ciali,
347 2761 407 2799 cum
437 2742 529 2816 quetis
557 2752 584 2799 et
613 2743 835 2800 annotationibus
864 2743 951 2800 sancti
974 2743 1083 2798 Tbomae
1106 2742 1133 2797 in
1156 2742 1288 2814 margine.
1332 2741 1363 2796 Si
1387 2742 1448 2815 quis
1469 2756 1525 2795 vero

243 2830 306 2886 huic
328 2827 448 2885 Concilio
472 2837 569 2885 nostro
592 2827 712 2902 legitime
735 2837 762 2884 et
786 2829 812 2884 in
842 2830 942 2902 spiritu
970 2818 1064 2884 saneto
1092 2834 1262 2900 congregato
1290 2826 1465 2899 derogaverit
1491 2821 1525 2878 nel

242 2913 435 2972 obtrectaverit
462 2912 536 2969 velut
563 2914 652 2969 minus
683 2914 795 2975 idoneo,
824 2903 1037 2986 indignationem
1066 2910 1263 2986 omnipotentis
1290 2911 1333 2966 dei
1365 2911 1483 2967 incurrat
1501 2917 1525 2963 et

242 3007 430 3076 sacrosanctae
443 2998 570 3057 baritana}
598 2998 683 3060 sedis.
713 3017 773 3072 quae
799 3007 842 3054 est
869 2998 896 3053 in
918 2997 1066 3071 babylone,
1096 2996 1142 3053 abi
1170 3013 1311 3070 synagoga
1332 2996 1454 3052 Satanae!
1480 2994 1552 3049 llo-m

177 3115 180 3121 ,
240 3084 314 3140 mine
336 3083 458 3147 Pedelle,
481 3083 580 3157 legatis
602 3083 671 3140 banc
692 3084 806 3158 copiam.

763 3231 1014 3282 CONSTITVTIO.

73 3341 77 3347 ’
174 3358 232 3407 aa,
305 3337 480 3394 l‘edellns.
517 3337 545 3394 ln
568 3337 677 3394 noniine
699 3338 816 3399 «lanuini,
840 3339 932 3394 dinen.
976 3338 1131 3394 Antoritate
1147 3336 1312 3392 sanctissimi
1326 3337 1432 3393 domini
1447 3334 1524 3392 nostri
1580 3349 1581 3353 ’

243 3437 319 3496 papea
342 3423 482 3478 Leonica.
499 3431 527 3478 et
548 3422 664 3478 aliorum
687 3430 842 3485 sanctorum
865 3421 1036 3496 pontificum,
1065 3423 1111 3495 qui
1140 3421 1322 3478 fundaverunt
1352 3430 1382 3486 et
1402 3422 1524 3477 institue

145 3580 146 3583 Ἴ
243 3515 306 3562 ruint
328 3515 355 3561 et
378 3507 527 3580 privilegiis
551 3508 705 3564 munierunt
729 3506 824 3564 salmam
846 3516 967 3564 nostram
991 3507 1194 3563 Universitatem
1217 3504 1410 3562 Coloniensem
1433 3515 1459 3561 et
1479 3506 1548 3560 toa

242 3591 407 3654 vaniensein,
431 3592 576 3648 statuimus
599 3600 626 3647 et
650 3593 804 3648 ordinamus
828 3610 879 3648 nos
907 3592 1028 3666 magistri
1057 3592 1144 3647 nostri
1171 3591 1204 3647 de
1227 3589 1341 3646 Colonia
1372 3601 1401 3646 et
1428 3591 1460 3646 de
1479 3591 1523 3645 bn·

211 3743 215 3746 ὓ
243 3677 334 3737 vanis,
358 3693 391 3731 ne
415 3676 442 3731 in
463 3674 532 3731 alma
554 3685 647 3732 nestra
671 3677 862 3738 Universitate,
886 3695 946 3750 qum
970 3685 1012 3732 est
1033 3685 1120 3732 mater
1142 3675 1351 3732 Universitatum
1375 3674 1522 3733 Germania.

241 3761 334 3835 legant
356 3760 463 3834 publice
486 3759 526 3817 vel
549 3761 653 3835 private
676 3763 702 3821 in
726 3761 827 3819 sobolis
850 3760 1052 3834 Theologorum
1075 3760 1176 3835 aliquid
1197 3760 1231 3816 de
1254 3759 1309 3816 illis
1331 3761 1412 3817 nonis
1433 3759 1522 3816 docui·

242 3848 298 3909 uis,
322 3865 382 3921 quae
400 3847 456 3903 iani
480 3846 609 3902 suadente
631 3847 741 3905 diabolo
764 3843 932 3904 emerserunt
954 3856 982 3905 et
1004 3847 1137 3903 seducunt
1158 3845 1302 3919 plurimos.
1327 3846 1473 3920 ¹insuper,
1493 3859 1520 3898 ne

241 3932 274 3988 de
297 3931 351 3987 illis
373 3930 536 4005 loquantur,
560 3932 600 3988 vel
623 3932 742 3991 scribant
758 3933 791 3999 in
814 3931 939 4006 epistolis
962 3920 1003 3987 vel
1026 3930 1103 3993 alibi:
1126 3939 1153 3995 et
1175 3948 1207 3986 ne
1230 3929 1334 3987 librarii
1358 3931 1458 4004 aliquid
1480 3929 1545 3983 im-tu

241 4026 353 4090 portent
375 4016 415 4073 rel
439 4017 554 4074 vendant
576 4003 746 4074 scholaribus
769 4017 886 4080 nostris;
916 4026 942 4072 et
965 4016 1118 4090 religiosis,
1145 4033 1179 4072 ne
1208 4015 1261 4089 ipsi
1289 4014 1394 4090 aliquid
1422 4014 1519 4070 illerum

242 4111 376 4175 reponant
404 4103 431 4158 iu
454 4103 511 4160 suis
539 4102 673 4164 librariis,
703 4102 754 4159 sub
777 4110 836 4158 taxa
852 4103 908 4156 iiii.
933 4119 1081 4158 reinmarum
1110 4101 1168 4158 auri
1197 4101 1300 4156 totiens
1329 4100 1456 4174 quotiens
1480 4097 1518 4153 de·

358 4269 443 4278 v,—...

308 4366 318 4397 ³
337 4370 451 4419 Munera
470 4368 510 4436 ic]
530 4370 572 4419 Cf.
584 4371 608 4421 I.
622 4372 690 4435 Reg.
705 4370 778 4419 vm.
793 4368 817 4420 3.
836 4370 880 4420 Ita
893 4369 1007 4435 Gregor.
1020 4371 1087 4421 Nun.
1101 4369 1164 4419 disc
1178 4368 1219 4418 71.
1234 4385 1260 4433 p.
1276 4367 1333 4418 155.
1347 4368 1378 4418 Τ.
1392 4368 1428 4417 ll.
1441 4363 1496 4416 Bill.

542 4454 659 4518 Xenone*
676 4452 829 4511 λαλοῦντος
846 4453 903 4512 κᾶε
920 4444 1099 4518 ducenariam
1118 4447 1211 4518 λόγος·

544 4539 661 4591 πείθειν
679 4533 732 4604 γὰρ
751 4532 813 4589 οἶδε
832 4535 881 4589 eorl
900 4532 1010 4603 πέφυκε
1028 4533 1067 4605 μή
1086 4533 1187 4603 λέγειν.

244 4618 286 4668 cf.
302 4620 438 4684 Apostolii
457 4626 573 4675 Partem.
587 4626 690 4675 XVIII.
702 4624 743 4675 38.
810 4623 829 4655 ¹²
847 4641 901 4674 non
919 4626 989 4679 omis.
1004 4629 1029 4675 3.
1088 4624 1109 4655 ³³
1128 4622 1254 4675 Ridicule
1274 4623 1365 4673 stilum
1390 4620 1539 4685 bullarum

243 4704 651 4768 papaliumimitatnrnuelor.
727 4708 748 4739 '¹²
768 4709 919 4776 lillibrnriis
938 4713 960 4760 1.
1403 4709 1405 4714 ’
