<?xml version="1.0" encoding="UTF-8"?>
<!DOCTYPE html PUBLIC "-//W3C//DTD XHTML 1.0 Transitional//EN"
    "http://www.w3.org/TR/xhtml1/DTD/xhtml1-transitional.dtd">
<html xmlns="http://www.w3.org/1999/xhtml" xml:lang="en" lang="en">
 <head>
  <title>
</title>
<meta http-equiv="Content-Type" content="text/html;charset=utf-8" />
  <meta name='ocr-system' content='tesseract 3.04.00' />
  <meta name='ocr-capabilities' content='ocr_page ocr_carea ocr_par ocr_line ocrx_word'/>
</head>
<body>
  <div class='ocr_page' id='page_1' title='image "./ulrichihuttenie05huttgoog/ulrichihuttenie05huttgoog_0385.png"; bbox 0 0 3232 5422; ppageno 0'>
   <div class='ocr_carea' id='block_1_1' title="bbox 205 362 1328 448">
    <p class='ocr_par' dir='ltr' id='par_1_1' title="bbox 205 362 1328 448">
     <span class='ocr_line' id='line_1_1' title="bbox 205 362 1328 448; baseline -0.002 -25"><span class='ocrx_word' id='word_1_1' title='bbox 205 362 277 433; x_wconf 78' lang='lat' dir='ltr'>3Sll</span> <span class='ocrx_word' id='word_1_2' title='bbox 443 377 492 425; x_wconf 82' lang='lat' dir='ltr'>xl.</span> <span class='ocrx_word' id='word_1_3' title='bbox 563 390 723 424; x_wconf 70' lang='lat' dir='ltr'>reuocans.</span> <span class='ocrx_word' id='word_1_4' title='bbox 793 389 1138 425; x_wconf 78' lang='lat' dir='ltr'>oracoovsnvrrasrcvs.</span> <span class='ocrx_word' id='word_1_5' title='bbox 1163 375 1248 439; x_wconf 70' lang='lat' dir='ltr'>(lsai.)</span> <span class='ocrx_word' id='word_1_6' title='bbox 1317 433 1328 448; x_wconf 43' lang='grc' dir='ltr'><strong><em>ο</em></strong></span> 
     </span>
    </p>
   </div>
   <div class='ocr_carea' id='block_1_2' title="bbox 82 544 1613 4573">
    <p class='ocr_par' dir='ltr' id='par_1_2' title="bbox 203 528 1604 623">
     <span class='ocr_line' id='line_1_2' title="bbox 203 544 1539 623; baseline -0.001 -18"><span class='ocrx_word' id='word_1_7' title='bbox 203 545 372 622; x_wconf 79' lang='lat' dir='ltr'>emergendi</span> <span class='ocrx_word' id='word_1_8' title='bbox 395 545 432 604; x_wconf 90' lang='lat' dir='ltr'>ab</span> <span class='ocrx_word' id='word_1_9' title='bbox 455 544 659 622; x_wconf 87' lang='lat' dir='ltr'>improborum</span> <span class='ocrx_word' id='word_1_10' title='bbox 681 545 872 623; x_wconf 78' lang='lat' dir='ltr'><strong>oppressione</strong></span> <span class='ocrx_word' id='word_1_11' title='bbox 897 564 980 613; x_wconf 86' lang='lat' dir='ltr'>eum,</span> <span class='ocrx_word' id='word_1_12' title='bbox 1004 563 1059 604; x_wconf 91' lang='lat' dir='ltr'>nec</span> <span class='ocrx_word' id='word_1_13' title='bbox 1082 547 1311 622; x_wconf 92' lang='lat' dir='ltr'>permitterent</span> <span class='ocrx_word' id='word_1_14' title='bbox 1333 544 1495 605; x_wconf 80' lang='lat' dir='ltr'>inremali</span> <span class='ocrx_word' id='word_1_15' title='bbox 1538 616 1539 619; x_wconf 7' lang='grc' dir='ltr'><strong>Ἴ</strong></span> 
     </span>
    </p>

    <p class='ocr_par' dir='ltr' id='par_1_3' title="bbox 97 634 1383 724">
     <span class='ocr_line' id='line_1_3' title="bbox 97 634 1383 724; baseline -0.002 -17"><span class='ocrx_word' id='word_1_16' title='bbox 97 634 100 640; x_wconf 68' lang='grc'><strong>’</strong></span> <span class='ocrx_word' id='word_1_17' title='bbox 203 646 278 707; x_wconf 89' lang='lat' dir='ltr'>adeo</span> <span class='ocrx_word' id='word_1_18' title='bbox 301 645 426 724; x_wconf 80' lang='lat' dir='ltr'>exempli</span> <span class='ocrx_word' id='word_1_19' title='bbox 448 665 556 706; x_wconf 83' lang='lat' dir='ltr'>nornen</span> <span class='ocrx_word' id='word_1_20' title='bbox 580 665 682 715; x_wconf 91' lang='lat' dir='ltr'>suum,</span> <span class='ocrx_word' id='word_1_21' title='bbox 706 664 825 708; x_wconf 88' lang='lat' dir='ltr'>manum</span> <span class='ocrx_word' id='word_1_22' title='bbox 848 652 934 724; x_wconf 87' lang='lat' dir='ltr'>atque</span> <span class='ocrx_word' id='word_1_23' title='bbox 956 647 1071 723; x_wconf 86' lang='lat' dir='ltr'>signnm</span> <span class='ocrx_word' id='word_1_24' title='bbox 1080 646 1221 707; x_wconf 66' lang='lat' dir='ltr'>urendam</span> <span class='ocrx_word' id='word_1_25' title='bbox 1242 646 1383 723; x_wconf 84' lang='lat' dir='ltr'><strong>improbi.</strong></span> 
     </span>
    </p>

    <p class='ocr_par' dir='ltr' id='par_1_4' title="bbox 134 746 1600 1029">
     <span class='ocr_line' id='line_1_4' title="bbox 134 746 1496 826; baseline -0.002 -16"><span class='ocrx_word' id='word_1_26' title='bbox 134 759 194 810; x_wconf 64' lang='lat' dir='ltr'>tlt.</span> <span class='ocrx_word' id='word_1_27' title='bbox 267 768 468 810; x_wconf 80' lang='lat' dir='ltr'>raancrscvs.</span> <span class='ocrx_word' id='word_1_28' title='bbox 506 746 660 825; x_wconf 85' lang='lat' dir='ltr'>Ernerget,</span> <span class='ocrx_word' id='word_1_29' title='bbox 691 748 820 816; x_wconf 81' lang='lat' dir='ltr'>confide,</span> <span class='ocrx_word' id='word_1_30' title='bbox 852 754 939 826; x_wconf 89' lang='lat' dir='ltr'>atque</span> <span class='ocrx_word' id='word_1_31' title='bbox 960 747 1038 807; x_wconf 88' lang='lat' dir='ltr'>istud</span> <span class='ocrx_word' id='word_1_32' title='bbox 1061 749 1187 808; x_wconf 84' lang='lat' dir='ltr'>excutiet</span> <span class='ocrx_word' id='word_1_33' title='bbox 1208 747 1246 807; x_wconf 91' lang='lat' dir='ltr'>ab</span> <span class='ocrx_word' id='word_1_34' title='bbox 1269 765 1302 806; x_wconf 90' lang='lat' dir='ltr'>se</span> <span class='ocrx_word' id='word_1_35' title='bbox 1326 749 1444 824; x_wconf 86' lang='lat' dir='ltr'>iugum,</span> <span class='ocrx_word' id='word_1_36' title='bbox 1471 754 1496 807; x_wconf 90' lang='lat' dir='ltr'>et</span> 
     </span>
     <span class='ocr_line' id='line_1_5' title="bbox 203 847 1600 927; baseline -0.001 -19"><span class='ocrx_word' id='word_1_37' title='bbox 203 849 329 927; x_wconf 88' lang='lat' dir='ltr'>amplius</span> <span class='ocrx_word' id='word_1_38' title='bbox 352 869 411 909; x_wconf 91' lang='lat' dir='ltr'>non</span> <span class='ocrx_word' id='word_1_39' title='bbox 434 851 509 910; x_wconf 89' lang='lat' dir='ltr'>siuet</span> <span class='ocrx_word' id='word_1_40' title='bbox 530 849 560 908; x_wconf 89' lang='lat' dir='ltr'>in</span> <span class='ocrx_word' id='word_1_41' title='bbox 583 867 671 909; x_wconf 91' lang='lat' dir='ltr'>aures</span> <span class='ocrx_word' id='word_1_42' title='bbox 693 849 839 926; x_wconf 89' lang='lat' dir='ltr'>obrepere</span> <span class='ocrx_word' id='word_1_43' title='bbox 861 867 928 908; x_wconf 91' lang='lat' dir='ltr'>curn</span> <span class='ocrx_word' id='word_1_44' title='bbox 951 848 1050 909; x_wconf 85' lang='lat' dir='ltr'>volent</span> <span class='ocrx_word' id='word_1_45' title='bbox 1070 849 1141 908; x_wconf 90' lang='lat' dir='ltr'>istos</span> <span class='ocrx_word' id='word_1_46' title='bbox 1163 848 1234 917; x_wconf 91' lang='lat' dir='ltr'>sibi,</span> <span class='ocrx_word' id='word_1_47' title='bbox 1259 866 1359 926; x_wconf 84' lang='lat' dir='ltr'>neque</span> <span class='ocrx_word' id='word_1_48' title='bbox 1380 847 1496 908; x_wconf 86' lang='lat' dir='ltr'>abuten-</span> <span class='ocrx_word' id='word_1_49' title='bbox 1599 883 1600 887; x_wconf 61' lang='lat'><em>=</em></span> 
     </span>
     <span class='ocr_line' id='line_1_6' title="bbox 202 949 562 1029; baseline 0 -19"><span class='ocrx_word' id='word_1_50' title='bbox 202 949 273 1011; x_wconf 91' lang='lat' dir='ltr'>dnm</span> <span class='ocrx_word' id='word_1_51' title='bbox 295 953 334 1011; x_wconf 92' lang='lat' dir='ltr'>ita</span> <span class='ocrx_word' id='word_1_52' title='bbox 356 970 388 1011; x_wconf 91' lang='lat' dir='ltr'>se</span> <span class='ocrx_word' id='word_1_53' title='bbox 410 949 562 1029; x_wconf 81' lang='lat' dir='ltr'>praebebit.</span> 
     </span>
    </p>

    <p class='ocr_par' dir='ltr' id='par_1_5' title="bbox 202 1050 1495 1333">
     <span class='ocr_line' id='line_1_7' title="bbox 265 1050 1495 1130; baseline 0 -20"><span class='ocrx_word' id='word_1_54' title='bbox 265 1071 438 1114; x_wconf 73' lang='lat' dir='ltr'>aversans.</span> <span class='ocrx_word' id='word_1_55' title='bbox 477 1052 608 1124; x_wconf 83' lang='lat' dir='ltr'>Quodsi</span> <span class='ocrx_word' id='word_1_56' title='bbox 631 1052 730 1121; x_wconf 84' lang='lat' dir='ltr'>iaciat,</span> <span class='ocrx_word' id='word_1_57' title='bbox 753 1061 786 1112; x_wconf 91' lang='lat' dir='ltr'>ut</span> <span class='ocrx_word' id='word_1_58' title='bbox 808 1050 954 1112; x_wconf 87' lang='lat' dir='ltr'>iacturum</span> <span class='ocrx_word' id='word_1_59' title='bbox 977 1070 1080 1129; x_wconf 88' lang='lat' dir='ltr'>spero,</span> <span class='ocrx_word' id='word_1_60' title='bbox 1103 1069 1163 1111; x_wconf 91' lang='lat' dir='ltr'>non</span> <span class='ocrx_word' id='word_1_61' title='bbox 1185 1051 1289 1111; x_wconf 90' lang='lat' dir='ltr'>dubito</span> <span class='ocrx_word' id='word_1_62' title='bbox 1313 1053 1385 1130; x_wconf 90' lang='lat' dir='ltr'>quin</span> <span class='ocrx_word' id='word_1_63' title='bbox 1409 1052 1495 1112; x_wconf 84' lang='lat' dir='ltr'>imita·</span> 
     </span>
     <span class='ocr_line' id='line_1_8' title="bbox 202 1152 1230 1222; baseline 0.001 -12"><span class='ocrx_word' id='word_1_64' title='bbox 202 1155 260 1213; x_wconf 90' lang='lat' dir='ltr'>turi</span> <span class='ocrx_word' id='word_1_65' title='bbox 283 1172 350 1213; x_wconf 88' lang='lat' dir='ltr'>eum</span> <span class='ocrx_word' id='word_1_66' title='bbox 372 1156 431 1213; x_wconf 90' lang='lat' dir='ltr'>sint</span> <span class='ocrx_word' id='word_1_67' title='bbox 452 1152 513 1222; x_wconf 88' lang='lat' dir='ltr'>alii,</span> <span class='ocrx_word' id='word_1_68' title='bbox 537 1160 569 1214; x_wconf 89' lang='lat' dir='ltr'>ut</span> <span class='ocrx_word' id='word_1_69' title='bbox 590 1153 709 1213; x_wconf 77' lang='lat' dir='ltr'>vilescat</span> <span class='ocrx_word' id='word_1_70' title='bbox 731 1152 849 1213; x_wconf 90' lang='lat' dir='ltr'>tandem</span> <span class='ocrx_word' id='word_1_71' title='bbox 871 1152 1036 1213; x_wconf 89' lang='lat' dir='ltr'>scribarum</span> <span class='ocrx_word' id='word_1_72' title='bbox 1059 1152 1230 1213; x_wconf 81' lang='lat' dir='ltr'>authoritas.</span> 
     </span>
     <span class='ocr_line' id='line_1_9' title="bbox 202 1242 1494 1333; baseline -0.002 -17"><span class='ocrx_word' id='word_1_73' title='bbox 202 1251 352 1333; x_wconf 64' lang='lat' dir='ltr'>l}&#39;‘&#39;&#39;0²3⁶,3‘.¹,11</span> <span class='ocrx_word' id='word_1_74' title='bbox 417 1274 618 1318; x_wconf 75' lang='lat' dir='ltr'>rnanmscvs.</span> <span class='ocrx_word' id='word_1_75' title='bbox 658 1254 744 1314; x_wconf 89' lang='lat' dir='ltr'>Certe</span> <span class='ocrx_word' id='word_1_76' title='bbox 767 1242 869 1314; x_wconf 87' lang='lat' dir='ltr'>laciet:</span> <span class='ocrx_word' id='word_1_77' title='bbox 885 1251 889 1258; x_wconf 81' lang='grc'><em>’</em></span> <span class='ocrx_word' id='word_1_78' title='bbox 903 1255 960 1313; x_wconf 90' lang='lat' dir='ltr'>iam</span> <span class='ocrx_word' id='word_1_79' title='bbox 984 1255 1061 1313; x_wconf 86' lang='lat' dir='ltr'>enirn</span> <span class='ocrx_word' id='word_1_80' title='bbox 1084 1256 1180 1332; x_wconf 86' lang='lat' dir='ltr'>magis</span> <span class='ocrx_word' id='word_1_81' title='bbox 1198 1272 1233 1314; x_wconf 88' lang='lat' dir='ltr'>ac</span> <span class='ocrx_word' id='word_1_82' title='bbox 1263 1255 1361 1332; x_wconf 86' lang='lat' dir='ltr'>magis</span> <span class='ocrx_word' id='word_1_83' title='bbox 1388 1255 1494 1313; x_wconf 88' lang='lat' dir='ltr'>innote-</span> 
     </span>
    </p>

    <p class='ocr_par' dir='ltr' id='par_1_6' title="bbox 130 1354 1077 1434">
     <span class='ocr_line' id='line_1_10' title="bbox 130 1354 1077 1434; baseline 0.001 -21"><span class='ocrx_word' id='word_1_84' title='bbox 130 1421 133 1426; x_wconf 54' lang='grc'><em>,</em></span> <span class='ocrx_word' id='word_1_85' title='bbox 203 1364 290 1416; x_wconf 88' lang='lat' dir='ltr'>scunt</span> <span class='ocrx_word' id='word_1_86' title='bbox 311 1354 351 1416; x_wconf 91' lang='lat' dir='ltr'>illi</span> <span class='ocrx_word' id='word_1_87' title='bbox 373 1355 457 1417; x_wconf 82' lang='lat' dir='ltr'>malac</span> <span class='ocrx_word' id='word_1_88' title='bbox 479 1365 558 1418; x_wconf 91' lang='lat' dir='ltr'>artes</span> <span class='ocrx_word' id='word_1_89' title='bbox 580 1375 615 1417; x_wconf 92' lang='lat' dir='ltr'>ac</span> <span class='ocrx_word' id='word_1_90' title='bbox 637 1355 792 1434; x_wconf 76' lang='lat' dir='ltr'>displicere</span> <span class='ocrx_word' id='word_1_91' title='bbox 814 1372 903 1433; x_wconf 84' lang='lat' dir='ltr'>prava</span> <span class='ocrx_word' id='word_1_92' title='bbox 925 1356 1077 1433; x_wconf 91' lang='lat' dir='ltr'>incipiunt.</span> 
     </span>
    </p>

    <p class='ocr_par' dir='ltr' id='par_1_7' title="bbox 82 1454 1519 1534">
     <span class='ocr_line' id='line_1_11' title="bbox 82 1454 1519 1534; baseline -0.008 -11"><span class='ocrx_word' id='word_1_93' title='bbox 82 1454 86 1458; x_wconf 70' lang='grc'><strong>’</strong></span> <span class='ocrx_word' id='word_1_94' title='bbox 134 1472 193 1522; x_wconf 82' lang='lat' dir='ltr'>tre.</span> <span class='ocrx_word' id='word_1_95' title='bbox 267 1478 441 1523; x_wconf 77' lang='lat' dir='ltr'>nvncenvs.</span> <span class='ocrx_word' id='word_1_96' title='bbox 480 1457 573 1527; x_wconf 82' lang='lat' dir='ltr'>Onam</span> <span class='ocrx_word' id='word_1_97' title='bbox 602 1457 831 1518; x_wconf 81' lang='lat' dir='ltr'>consolationem</span> <span class='ocrx_word' id='word_1_98' title='bbox 860 1456 958 1517; x_wconf 79' lang='lat' dir='ltr'>verbis</span> <span class='ocrx_word' id='word_1_99' title='bbox 984 1459 1159 1534; x_wconf 86' lang='lat' dir='ltr'>promissam</span> <span class='ocrx_word' id='word_1_100' title='bbox 1187 1473 1267 1516; x_wconf 90' lang='lat' dir='ltr'>nunc</span> <span class='ocrx_word' id='word_1_101' title='bbox 1299 1455 1353 1516; x_wconf 91' lang='lat' dir='ltr'>uhi</span> <span class='ocrx_word' id='word_1_102' title='bbox 1384 1474 1419 1515; x_wconf 90' lang='lat' dir='ltr'>re</span> <span class='ocrx_word' id='word_1_103' title='bbox 1449 1455 1519 1516; x_wconf 68' lang='lat' dir='ltr'>ali-&#39;n</span> 
     </span>
    </p>

    <p class='ocr_par' dir='ltr' id='par_1_8' title="bbox 203 1557 1596 1637">
     <span class='ocr_line' id='line_1_12' title="bbox 203 1557 1596 1637; baseline -0.001 -19"><span class='ocrx_word' id='word_1_104' title='bbox 203 1559 320 1637; x_wconf 85' lang='lat' dir='ltr'>quando</span> <span class='ocrx_word' id='word_1_105' title='bbox 344 1558 511 1628; x_wconf 86' lang='lat' dir='ltr'>exhibebis,</span> <span class='ocrx_word' id='word_1_106' title='bbox 538 1566 601 1620; x_wconf 91' lang='lat' dir='ltr'>tum</span> <span class='ocrx_word' id='word_1_107' title='bbox 629 1560 679 1619; x_wconf 87' lang='lat' dir='ltr'>liet</span> <span class='ocrx_word' id='word_1_108' title='bbox 700 1557 896 1636; x_wconf 83' lang='lat' dir='ltr'>procrddubio</span> <span class='ocrx_word' id='word_1_109' title='bbox 919 1565 951 1618; x_wconf 93' lang='lat' dir='ltr'>ut</span> <span class='ocrx_word' id='word_1_110' title='bbox 972 1558 1049 1635; x_wconf 89' lang='lat' dir='ltr'>apud</span> <span class='ocrx_word' id='word_1_111' title='bbox 1078 1575 1209 1624; x_wconf 89' lang='lat' dir='ltr'>summos</span> <span class='ocrx_word' id='word_1_112' title='bbox 1237 1559 1391 1634; x_wconf 79' lang='lat' dir='ltr'>principes</span> <span class='ocrx_word' id='word_1_113' title='bbox 1418 1557 1494 1616; x_wconf 89' lang='lat' dir='ltr'>bonis</span> <span class='ocrx_word' id='word_1_114' title='bbox 1595 1626 1596 1631; x_wconf 8' lang='grc' dir='ltr'>η</span> 
     </span>
    </p>

    <p class='ocr_par' dir='ltr' id='par_1_9' title="bbox 203 1649 1598 1737">
     <span class='ocr_line' id='line_1_13' title="bbox 203 1649 1598 1737; baseline 0.001 -20"><span class='ocrx_word' id='word_1_115' title='bbox 203 1660 271 1719; x_wconf 84' lang='lat' dir='ltr'>viris</span> <span class='ocrx_word' id='word_1_116' title='bbox 293 1659 376 1720; x_wconf 92' lang='lat' dir='ltr'>locus</span> <span class='ocrx_word' id='word_1_117' title='bbox 398 1662 449 1729; x_wconf 91' lang='lat' dir='ltr'>sit,</span> <span class='ocrx_word' id='word_1_118' title='bbox 483 1678 542 1719; x_wconf 90' lang='lat' dir='ltr'>non</span> <span class='ocrx_word' id='word_1_119' title='bbox 565 1661 612 1720; x_wconf 91' lang='lat' dir='ltr'>isti</span> <span class='ocrx_word' id='word_1_120' title='bbox 635 1667 664 1720; x_wconf 92' lang='lat' dir='ltr'>et</span> <span class='ocrx_word' id='word_1_121' title='bbox 686 1661 799 1737; x_wconf 86' lang='lat' dir='ltr'>possint</span> <span class='ocrx_word' id='word_1_122' title='bbox 821 1667 849 1719; x_wconf 91' lang='lat' dir='ltr'>et</span> <span class='ocrx_word' id='word_1_123' title='bbox 872 1660 1000 1721; x_wconf 85' lang='lat' dir='ltr'>audeant</span> <span class='ocrx_word' id='word_1_124' title='bbox 1021 1660 1117 1719; x_wconf 89' lang='lat' dir='ltr'>omnia</span> <span class='ocrx_word' id='word_1_125' title='bbox 1146 1659 1236 1718; x_wconf 88' lang='lat' dir='ltr'>intimi</span> <span class='ocrx_word' id='word_1_126' title='bbox 1266 1658 1420 1727; x_wconf 88' lang='lat' dir='ltr'>homiues,</span> <span class='ocrx_word' id='word_1_127' title='bbox 1441 1649 1494 1737; x_wconf 66' lang='lat' dir='ltr'>&#39;qui</span> <span class='ocrx_word' id='word_1_128' title='bbox 1594 1675 1598 1731; x_wconf 80' lang='lat' dir='ltr'>j</span> 
     </span>
    </p>

    <p class='ocr_par' dir='ltr' id='par_1_10' title="bbox 200 1757 1493 1840">
     <span class='ocr_line' id='line_1_14' title="bbox 200 1757 1493 1840; baseline 0.001 -21"><span class='ocrx_word' id='word_1_129' title='bbox 200 1757 310 1835; x_wconf 54' lang='lat' dir='ltr'>mm</span> <span class='ocrx_word' id='word_1_130' title='bbox 333 1762 339 1830; x_wconf 91' lang='lat' dir='ltr'>l</span> <span class='ocrx_word' id='word_1_131' title='bbox 368 1759 667 1840; x_wconf 69' lang='lat' dir='ltr'>nulla‘regendarum</span> <span class='ocrx_word' id='word_1_132' title='bbox 690 1779 790 1822; x_wconf 88' lang='lat' dir='ltr'>rerum</span> <span class='ocrx_word' id='word_1_133' title='bbox 814 1768 864 1822; x_wconf 94' lang='lat' dir='ltr'>aut</span> <span class='ocrx_word' id='word_1_134' title='bbox 886 1761 1000 1821; x_wconf 91' lang='lat' dir='ltr'>ratione</span> <span class='ocrx_word' id='word_1_135' title='bbox 1022 1766 1072 1821; x_wconf 92' lang='lat' dir='ltr'>aut</span> <span class='ocrx_word' id='word_1_136' title='bbox 1100 1760 1236 1828; x_wconf 90' lang='lat' dir='ltr'>scientia,</span> <span class='ocrx_word' id='word_1_137' title='bbox 1267 1759 1349 1820; x_wconf 89' lang='lat' dir='ltr'>nulla</span> <span class='ocrx_word' id='word_1_138' title='bbox 1378 1761 1493 1838; x_wconf 74' lang='lat' dir='ltr'>anfioni</span> 
     </span>
    </p>

    <p class='ocr_par' dir='ltr' id='par_1_11' title="bbox 202 1861 1492 1949">
     <span class='ocr_line' id='line_1_15' title="bbox 202 1861 1492 1949; baseline 0.001 -30"><span class='ocrx_word' id='word_1_139' title='bbox 202 1862 269 1920; x_wconf 85' lang='lat' dir='ltr'>tatis</span> <span class='ocrx_word' id='word_1_140' title='bbox 291 1863 448 1932; x_wconf 88' lang='lat' dir='ltr'>memoria,</span> <span class='ocrx_word' id='word_1_141' title='bbox 471 1882 573 1924; x_wconf 89' lang='lat' dir='ltr'>rerum</span> <span class='ocrx_word' id='word_1_142' title='bbox 596 1864 790 1942; x_wconf 78' lang='lat' dir='ltr'>experientia,</span> <span class='ocrx_word' id='word_1_143' title='bbox 813 1863 902 1922; x_wconf 92' lang='lat' dir='ltr'>animi</span> <span class='ocrx_word' id='word_1_144' title='bbox 924 1862 1084 1929; x_wconf 88' lang='lat' dir='ltr'>industria,</span> <span class='ocrx_word' id='word_1_145' title='bbox 1114 1861 1240 1949; x_wconf 88' lang='lat' dir='ltr'>deniqne</span> <span class='ocrx_word' id='word_1_146' title='bbox 1268 1861 1350 1922; x_wconf 91' lang='lat' dir='ltr'>baud</span> <span class='ocrx_word' id='word_1_147' title='bbox 1379 1861 1437 1922; x_wconf 89' lang='lat' dir='ltr'>ulla</span> <span class='ocrx_word' id='word_1_148' title='bbox 1458 1864 1492 1922; x_wconf 88' lang='lat' dir='ltr'>in·</span> 
     </span>
    </p>

    <p class='ocr_par' dir='ltr' id='par_1_12' title="bbox 204 1962 1613 2041">
     <span class='ocr_line' id='line_1_16' title="bbox 204 1962 1613 2041; baseline 0 -22"><span class='ocrx_word' id='word_1_149' title='bbox 204 1964 347 2022; x_wconf 76' lang='lat' dir='ltr'>nocentiae</span> <span class='ocrx_word' id='word_1_150' title='bbox 369 1964 548 2024; x_wconf 88' lang='lat' dir='ltr'>conscicntia</span> <span class='ocrx_word' id='word_1_151' title='bbox 571 1964 701 2041; x_wconf 66' lang='lat' dir='ltr'>praediti,</span> <span class='ocrx_word' id='word_1_152' title='bbox 729 1982 831 2024; x_wconf 82' lang='lat' dir='ltr'>rernm</span> <span class='ocrx_word' id='word_1_153' title='bbox 853 1962 914 2023; x_wconf 93' lang='lat' dir='ltr'>sola</span> <span class='ocrx_word' id='word_1_154' title='bbox 937 1964 1100 2024; x_wconf 87' lang='lat' dir='ltr'>temeritate</span> <span class='ocrx_word' id='word_1_155' title='bbox 1123 1970 1152 2023; x_wconf 93' lang='lat' dir='ltr'>et</span> <span class='ocrx_word' id='word_1_156' title='bbox 1173 1962 1357 2040; x_wconf 85' lang='lat' dir='ltr'>impudentia</span> <span class='ocrx_word' id='word_1_157' title='bbox 1380 1982 1415 2022; x_wconf 94' lang='lat' dir='ltr'>ac</span> <span class='ocrx_word' id='word_1_158' title='bbox 1432 1975 1514 2041; x_wconf 72' lang='lat' dir='ltr'>&#39;pesa</span> <span class='ocrx_word' id='word_1_159' title='bbox 1608 1989 1613 2019; x_wconf 76' lang='lat' dir='ltr'><strong><em>t</em></strong></span> 
     </span>
    </p>

    <p class='ocr_par' dir='ltr' id='par_1_13' title="bbox 134 2062 1492 2144">
     <span class='ocr_line' id='line_1_17' title="bbox 134 2062 1492 2144; baseline 0.004 -25"><span class='ocrx_word' id='word_1_160' title='bbox 134 2069 193 2119; x_wconf 72' lang='lat' dir='ltr'>§.tt</span> <span class='ocrx_word' id='word_1_161' title='bbox 205 2063 286 2122; x_wconf 86' lang='lat' dir='ltr'>simis</span> <span class='ocrx_word' id='word_1_162' title='bbox 309 2062 375 2124; x_wconf 86' lang='lat' dir='ltr'>ireti</span> <span class='ocrx_word' id='word_1_163' title='bbox 398 2065 512 2125; x_wconf 89' lang='lat' dir='ltr'>artibus</span> <span class='ocrx_word' id='word_1_164' title='bbox 535 2065 571 2125; x_wconf 92' lang='lat' dir='ltr'>ad</span> <span class='ocrx_word' id='word_1_165' title='bbox 588 2065 739 2144; x_wconf 89' lang='lat' dir='ltr'>publicum</span> <span class='ocrx_word' id='word_1_166' title='bbox 755 2083 872 2125; x_wconf 90' lang='lat' dir='ltr'>morum</span> <span class='ocrx_word' id='word_1_167' title='bbox 887 2063 1045 2143; x_wconf 83' lang='lat' dir='ltr'>legumque</span> <span class='ocrx_word' id='word_1_168' title='bbox 1060 2066 1192 2142; x_wconf 86' lang='lat' dir='ltr'>regimen</span> <span class='ocrx_word' id='word_1_169' title='bbox 1208 2064 1366 2125; x_wconf 87' lang='lat' dir='ltr'>accedunt.</span> <span class='ocrx_word' id='word_1_170' title='bbox 1403 2064 1492 2125; x_wconf 84' lang='lat' dir='ltr'>Rebus</span> 
     </span>
    </p>

    <p class='ocr_par' dir='ltr' id='par_1_14' title="bbox 108 2151 1588 2447">
     <span class='ocr_line' id='line_1_18' title="bbox 108 2151 1492 2246; baseline 0.003 -25"><span class='ocrx_word' id='word_1_171' title='bbox 108 2151 110 2154; x_wconf 55' lang='grc'>’</span> <span class='ocrx_word' id='word_1_172' title='bbox 201 2163 335 2239; x_wconf 84' lang='lat' dir='ltr'>prolecto</span> <span class='ocrx_word' id='word_1_173' title='bbox 357 2166 400 2225; x_wconf 89' lang='lat' dir='ltr'>sic</span> <span class='ocrx_word' id='word_1_174' title='bbox 429 2166 572 2226; x_wconf 87' lang='lat' dir='ltr'>stantibus</span> <span class='ocrx_word' id='word_1_175' title='bbox 595 2184 740 2246; x_wconf 86' lang='lat' dir='ltr'>nusquam</span> <span class='ocrx_word' id='word_1_176' title='bbox 763 2167 849 2227; x_wconf 91' lang='lat' dir='ltr'>bonis</span> <span class='ocrx_word' id='word_1_177' title='bbox 872 2185 935 2227; x_wconf 90' lang='lat' dir='ltr'>esse</span> <span class='ocrx_word' id='word_1_178' title='bbox 962 2165 1063 2226; x_wconf 91' lang='lat' dir='ltr'>licebit</span> <span class='ocrx_word' id='word_1_179' title='bbox 1090 2165 1276 2244; x_wconf 87' lang='lat' dir='ltr'>principibus</span> <span class='ocrx_word' id='word_1_180' title='bbox 1305 2184 1361 2243; x_wconf 91' lang='lat' dir='ltr'>per</span> <span class='ocrx_word' id='word_1_181' title='bbox 1384 2165 1492 2226; x_wconf 82' lang='lat' dir='ltr'>Cancel-</span> 
     </span>
     <span class='ocr_line' id='line_1_19' title="bbox 201 2265 1588 2346; baseline 0.004 -25"><span class='ocrx_word' id='word_1_182' title='bbox 201 2286 319 2323; x_wconf 67' lang='lat' dir='ltr'>coonao.</span> <span class='ocrx_word' id='word_1_183' title='bbox 353 2273 361 2346; x_wconf 80' lang='grc' dir='ltr'>Ι</span> <span class='ocrx_word' id='word_1_184' title='bbox 389 2265 479 2326; x_wconf 85' lang='lat' dir='ltr'>lacios</span> <span class='ocrx_word' id='word_1_185' title='bbox 501 2269 587 2336; x_wconf 89' lang='lat' dir='ltr'>istos,</span> <span class='ocrx_word' id='word_1_186' title='bbox 623 2286 788 2346; x_wconf 88' lang='lat' dir='ltr'>equorum</span> <span class='ocrx_word' id='word_1_187' title='bbox 818 2269 935 2327; x_wconf 90' lang='lat' dir='ltr'>scriniis</span> <span class='ocrx_word' id='word_1_188' title='bbox 957 2274 1095 2345; x_wconf 87' lang='lat' dir='ltr'>tanquam</span> <span class='ocrx_word' id='word_1_189' title='bbox 1119 2285 1135 2326; x_wconf 93' lang='lat' dir='ltr'>a</span> <span class='ocrx_word' id='word_1_190' title='bbox 1158 2267 1258 2327; x_wconf 84' lang='lat' dir='ltr'>divino</span> <span class='ocrx_word' id='word_1_191' title='bbox 1281 2267 1414 2345; x_wconf 89' lang='lat' dir='ltr'>quodam</span> <span class='ocrx_word' id='word_1_192' title='bbox 1436 2286 1491 2327; x_wconf 89' lang='lat' dir='ltr'>ora·</span> <span class='ocrx_word' id='word_1_193' title='bbox 1586 2335 1588 2338; x_wconf 3' lang='lat' dir='ltr'>g</span> 
     </span>
     <span class='ocr_line' id='line_1_20' title="bbox 202 2364 1491 2447; baseline 0.008 -23"><span class='ocrx_word' id='word_1_194' title='bbox 202 2364 269 2426; x_wconf 92' lang='lat' dir='ltr'>culo</span> <span class='ocrx_word' id='word_1_195' title='bbox 297 2375 437 2444; x_wconf 90' lang='lat' dir='ltr'>petuntur</span> <span class='ocrx_word' id='word_1_196' title='bbox 461 2386 525 2446; x_wconf 82' lang='lat' dir='ltr'>qrrae</span> <span class='ocrx_word' id='word_1_197' title='bbox 548 2369 584 2428; x_wconf 90' lang='lat' dir='ltr'>ad</span> <span class='ocrx_word' id='word_1_198' title='bbox 607 2387 655 2429; x_wconf 91' lang='lat' dir='ltr'>res</span> <span class='ocrx_word' id='word_1_199' title='bbox 678 2376 707 2429; x_wconf 93' lang='lat' dir='ltr'>et</span> <span class='ocrx_word' id='word_1_200' title='bbox 728 2367 846 2446; x_wconf 91' lang='lat' dir='ltr'>publice</span> <span class='ocrx_word' id='word_1_201' title='bbox 869 2375 897 2429; x_wconf 87' lang='lat' dir='ltr'>et</span> <span class='ocrx_word' id='word_1_202' title='bbox 920 2370 1054 2445; x_wconf 83' lang='lat' dir='ltr'>privatim</span> <span class='ocrx_word' id='word_1_203' title='bbox 1086 2368 1307 2428; x_wconf 90' lang='lat' dir='ltr'>constituendas</span> <span class='ocrx_word' id='word_1_204' title='bbox 1337 2372 1491 2447; x_wconf 78' lang='lat' dir='ltr'>pertinent:</span> 
     </span>
    </p>

    <p class='ocr_par' dir='ltr' id='par_1_15' title="bbox 200 2466 1599 2953">
     <span class='ocr_line' id='line_1_21' title="bbox 201 2466 1599 2548; baseline 0.004 -23"><span class='ocrx_word' id='word_1_205' title='bbox 201 2484 216 2525; x_wconf 92' lang='lat' dir='ltr'>a</span> <span class='ocrx_word' id='word_1_206' title='bbox 240 2466 348 2544; x_wconf 81' lang='lat' dir='ltr'>quibus</span> <span class='ocrx_word' id='word_1_207' title='bbox 370 2487 473 2547; x_wconf 88' lang='lat' dir='ltr'>regum</span> <span class='ocrx_word' id='word_1_208' title='bbox 496 2470 655 2547; x_wconf 82' lang='lat' dir='ltr'>diplomata</span> <span class='ocrx_word' id='word_1_209' title='bbox 677 2472 835 2532; x_wconf 87' lang='lat' dir='ltr'>nundinari</span> <span class='ocrx_word' id='word_1_210' title='bbox 857 2477 976 2548; x_wconf 92' lang='lat' dir='ltr'>oportet</span> <span class='ocrx_word' id='word_1_211' title='bbox 998 2477 1026 2530; x_wconf 93' lang='lat' dir='ltr'>et</span> <span class='ocrx_word' id='word_1_212' title='bbox 1049 2471 1214 2548; x_wconf 81' lang='lat' dir='ltr'>principum</span> <span class='ocrx_word' id='word_1_213' title='bbox 1237 2473 1385 2548; x_wconf 88' lang='lat' dir='ltr'>rescripta</span> <span class='ocrx_word' id='word_1_214' title='bbox 1408 2479 1518 2531; x_wconf 75' lang='lat' dir='ltr'>emer-2⁸</span> <span class='ocrx_word' id='word_1_215' title='bbox 1598 2527 1599 2530; x_wconf 74' lang='grc'>,</span> 
     </span>
     <span class='ocr_line' id='line_1_22' title="bbox 202 2567 1495 2650; baseline 0.003 -26"><span class='ocrx_word' id='word_1_216' title='bbox 202 2573 363 2641; x_wconf 57' lang='lat' dir='ltr'>asumma!</span> <span class='ocrx_word' id='word_1_217' title='bbox 387 2573 464 2640; x_wconf 91' lang='lat' dir='ltr'>eari;</span> <span class='ocrx_word' id='word_1_218' title='bbox 488 2573 537 2650; x_wconf 77' lang='lat' dir='ltr'>(piri</span> <span class='ocrx_word' id='word_1_219' title='bbox 561 2579 628 2631; x_wconf 91' lang='lat' dir='ltr'>suut</span> <span class='ocrx_word' id='word_1_220' title='bbox 651 2574 733 2650; x_wconf 87' lang='lat' dir='ltr'>quasi</span> <span class='ocrx_word' id='word_1_221' title='bbox 756 2572 875 2650; x_wconf 91' lang='lat' dir='ltr'>quidam</span> <span class='ocrx_word' id='word_1_222' title='bbox 899 2589 1003 2648; x_wconf 89' lang='lat' dir='ltr'>regum</span> <span class='ocrx_word' id='word_1_223' title='bbox 1027 2570 1118 2640; x_wconf 88' lang='lat' dir='ltr'>oculi,</span> <span class='ocrx_word' id='word_1_224' title='bbox 1149 2571 1212 2630; x_wconf 90' lang='lat' dir='ltr'>sine</span> <span class='ocrx_word' id='word_1_225' title='bbox 1235 2571 1349 2648; x_wconf 87' lang='lat' dir='ltr'>quibus</span> <span class='ocrx_word' id='word_1_226' title='bbox 1370 2571 1443 2632; x_wconf 91' lang='lat' dir='ltr'>uihil</span> <span class='ocrx_word' id='word_1_227' title='bbox 1462 2567 1495 2631; x_wconf 92' lang='lat' dir='ltr'>illi</span> 
     </span>
     <span class='ocr_line' id='line_1_23' title="bbox 201 2670 1504 2752; baseline 0.005 -25"><span class='ocrx_word' id='word_1_228' title='bbox 201 2670 314 2740; x_wconf 56' lang='lat' dir='ltr'>‘virlent,</span> <span class='ocrx_word' id='word_1_229' title='bbox 337 2671 412 2732; x_wconf 88' lang='lat' dir='ltr'>nihil</span> <span class='ocrx_word' id='word_1_230' title='bbox 434 2681 612 2751; x_wconf 86' lang='lat' dir='ltr'>agnoscunt:</span> <span class='ocrx_word' id='word_1_231' title='bbox 636 2692 728 2752; x_wconf 89' lang='lat' dir='ltr'>quare</span> <span class='ocrx_word' id='word_1_232' title='bbox 751 2674 837 2733; x_wconf 88' lang='lat' dir='ltr'>etiam</span> <span class='ocrx_word' id='word_1_233' title='bbox 860 2671 973 2732; x_wconf 89' lang='lat' dir='ltr'>ducunt</span> <span class='ocrx_word' id='word_1_234' title='bbox 994 2690 1045 2732; x_wconf 89' lang='lat' dir='ltr'>ecs</span> <span class='ocrx_word' id='word_1_235' title='bbox 1067 2671 1263 2751; x_wconf 67' lang='lat' dir='ltr'>querolum,</span> <span class='ocrx_word' id='word_1_236' title='bbox 1286 2672 1504 2734; x_wconf 79' lang='lat' dir='ltr'>reluctantem</span> 
     </span>
     <span class='ocr_line' id='line_1_24' title="bbox 200 2768 1503 2856; baseline 0 -23"><span class='ocrx_word' id='word_1_237' title='bbox 200 2768 305 2846; x_wconf 61' lang='lat' dir='ltr'>{fflm</span> <span class='ocrx_word' id='word_1_238' title='bbox 327 2786 335 2856; x_wconf 78' lang='grc' dir='ltr'>Ι</span> <span class='ocrx_word' id='word_1_239' title='bbox 358 2791 418 2850; x_wconf 84' lang='lat' dir='ltr'>qno</span> <span class='ocrx_word' id='word_1_240' title='bbox 441 2773 496 2833; x_wconf 89' lang='lat' dir='ltr'>sibi</span> <span class='ocrx_word' id='word_1_241' title='bbox 519 2774 649 2851; x_wconf 84' lang='lat' dir='ltr'>expedit:</span> <span class='ocrx_word' id='word_1_242' title='bbox 684 2792 811 2853; x_wconf 89' lang='lat' dir='ltr'>qnorum</span> <span class='ocrx_word' id='word_1_243' title='bbox 835 2774 1087 2851; x_wconf 84' lang='lat' dir='ltr'>quotusquisque</span> <span class='ocrx_word' id='word_1_244' title='bbox 1110 2780 1168 2841; x_wconf 92' lang='lat' dir='ltr'>est,</span> <span class='ocrx_word' id='word_1_245' title='bbox 1197 2772 1282 2833; x_wconf 90' lang='lat' dir='ltr'>cuius</span> <span class='ocrx_word' id='word_1_246' title='bbox 1312 2775 1437 2835; x_wconf 88' lang='lat' dir='ltr'>consilia</span> <span class='ocrx_word' id='word_1_247' title='bbox 1464 2776 1503 2834; x_wconf 89' lang='lat' dir='ltr'>si·</span> 
     </span>
     <span class='ocr_line' id='line_1_25' title="bbox 202 2859 1460 2953; baseline 0.002 -21"><span class='ocrx_word' id='word_1_248' title='bbox 202 2873 319 2951; x_wconf 85' lang='lat' dir='ltr'>quando</span> <span class='ocrx_word' id='word_1_249' title='bbox 342 2875 371 2934; x_wconf 88' lang='lat' dir='ltr'>in</span> <span class='ocrx_word' id='word_1_250' title='bbox 394 2875 490 2936; x_wconf 90' lang='lat' dir='ltr'>lucem</span> <span class='ocrx_word' id='word_1_251' title='bbox 513 2876 671 2953; x_wconf 86' lang='lat' dir='ltr'>prodeant,</span> <span class='ocrx_word' id='word_1_252' title='bbox 695 2893 754 2934; x_wconf 92' lang='lat' dir='ltr'>non</span> <span class='ocrx_word' id='word_1_253' title='bbox 777 2875 895 2952; x_wconf 87' lang='lat' dir='ltr'>pessimi</span> <span class='ocrx_word' id='word_1_254' title='bbox 919 2859 1007 2934; x_wconf 81' lang='lat' dir='ltr'>aniani</span> <span class='ocrx_word' id='word_1_255' title='bbox 1029 2880 1236 2950; x_wconf 83' lang='lat' dir='ltr'>argumentum</span> <span class='ocrx_word' id='word_1_256' title='bbox 1260 2873 1362 2936; x_wconf 87' lang='lat' dir='ltr'>lutura</span> <span class='ocrx_word' id='word_1_257' title='bbox 1384 2878 1460 2937; x_wconf 75' lang='lat' dir='ltr'>sint?</span> 
     </span>
    </p>

    <p class='ocr_par' dir='ltr' id='par_1_16' title="bbox 131 2972 1560 3255">
     <span class='ocr_line' id='line_1_26' title="bbox 131 2972 1560 3054; baseline -0.002 -19"><span class='ocrx_word' id='word_1_258' title='bbox 131 2986 191 3035; x_wconf 72' lang='lat' dir='ltr'>§.ts</span> <span class='ocrx_word' id='word_1_259' title='bbox 265 2994 466 3038; x_wconf 76' lang='lat' dir='ltr'>anancrscvs.</span> <span class='ocrx_word' id='word_1_260' title='bbox 504 2976 643 3045; x_wconf 80' lang='lat' dir='ltr'>l&#39;cssimi,</span> <span class='ocrx_word' id='word_1_261' title='bbox 667 2983 699 3035; x_wconf 91' lang='lat' dir='ltr'>ut</span> <span class='ocrx_word' id='word_1_262' title='bbox 722 2978 780 3035; x_wconf 89' lang='lat' dir='ltr'>ais:</span> <span class='ocrx_word' id='word_1_263' title='bbox 811 2994 878 3035; x_wconf 90' lang='lat' dir='ltr'>nam</span> <span class='ocrx_word' id='word_1_264' title='bbox 902 2977 986 3036; x_wconf 90' lang='lat' dir='ltr'>cuius</span> <span class='ocrx_word' id='word_1_265' title='bbox 1008 2993 1066 3034; x_wconf 89' lang='lat' dir='ltr'>non</span> <span class='ocrx_word' id='word_1_266' title='bbox 1090 2975 1285 3054; x_wconf 79' lang='lat' dir='ltr'>improbitatis</span> <span class='ocrx_word' id='word_1_267' title='bbox 1308 2979 1423 3038; x_wconf 85' lang='lat' dir='ltr'>conscii</span> <span class='ocrx_word' id='word_1_268' title='bbox 1446 2973 1515 3038; x_wconf 86' lang='lat' dir='ltr'>sihi</span> <span class='ocrx_word' id='word_1_269' title='bbox 1541 2972 1560 3011; x_wconf 45' lang='grc' dir='ltr'>’ὃ</span> 
     </span>
     <span class='ocr_line' id='line_1_27' title="bbox 201 3076 1537 3155; baseline 0.005 -22"><span class='ocrx_word' id='word_1_270' title='bbox 201 3076 259 3134; x_wconf 90' lang='lat' dir='ltr'>sint</span> <span class='ocrx_word' id='word_1_271' title='bbox 285 3079 335 3155; x_wconf 92' lang='lat' dir='ltr'>qni</span> <span class='ocrx_word' id='word_1_272' title='bbox 364 3076 473 3138; x_wconf 82' lang='lat' dir='ltr'>venalia</span> <span class='ocrx_word' id='word_1_273' title='bbox 490 3077 614 3138; x_wconf 54' lang='lat' dir='ltr'>,habent</span> <span class='ocrx_word' id='word_1_274' title='bbox 649 3078 746 3138; x_wconf 89' lang='lat' dir='ltr'>omnia</span> <span class='ocrx_word' id='word_1_275' title='bbox 773 3079 939 3155; x_wconf 84' lang='lat' dir='ltr'>principum</span> <span class='ocrx_word' id='word_1_276' title='bbox 970 3078 1047 3137; x_wconf 89' lang='lat' dir='ltr'>iussa</span> <span class='ocrx_word' id='word_1_277' title='bbox 1075 3095 1109 3135; x_wconf 91' lang='lat' dir='ltr'>ac</span> <span class='ocrx_word' id='word_1_278' title='bbox 1138 3077 1237 3144; x_wconf 83' lang='lat' dir='ltr'>vetita,</span> <span class='ocrx_word' id='word_1_279' title='bbox 1274 3095 1381 3138; x_wconf 79' lang='lat' dir='ltr'>onrnes</span> <span class='ocrx_word' id='word_1_280' title='bbox 1405 3087 1537 3140; x_wconf 57' lang='lat' dir='ltr'>nutus,</span> 
     </span>
     <span class='ocr_line' id='line_1_28' title="bbox 201 3176 495 3255; baseline 0.014 -20"><span class='ocrx_word' id='word_1_281' title='bbox 201 3176 277 3236; x_wconf 91' lang='lat' dir='ltr'>dicta</span> <span class='ocrx_word' id='word_1_282' title='bbox 301 3184 329 3237; x_wconf 90' lang='lat' dir='ltr'>ct</span> <span class='ocrx_word' id='word_1_283' title='bbox 352 3180 495 3255; x_wconf 78' lang='lat' dir='ltr'>cogitata?</span> 
     </span>
    </p>

    <p class='ocr_par' dir='ltr' id='par_1_17' title="bbox 198 3274 1588 4050">
     <span class='ocr_line' id='line_1_29' title="bbox 264 3274 1562 3359; baseline 0.005 -23"><span class='ocrx_word' id='word_1_284' title='bbox 264 3286 436 3341; x_wconf 76' lang='lat' dir='ltr'>averanus.</span> <span class='ocrx_word' id='word_1_285' title='bbox 475 3279 638 3359; x_wconf 77' lang='lat' dir='ltr'>Aliquando</span> <span class='ocrx_word' id='word_1_286' title='bbox 666 3287 808 3357; x_wconf 71' lang='lat' dir='ltr'>praeterea</span> <span class='ocrx_word' id='word_1_287' title='bbox 839 3298 906 3339; x_wconf 91' lang='lat' dir='ltr'>cnm</span> <span class='ocrx_word' id='word_1_288' title='bbox 936 3279 1051 3340; x_wconf 93' lang='lat' dir='ltr'>lucrum</span> <span class='ocrx_word' id='word_1_289' title='bbox 1081 3287 1138 3346; x_wconf 90' lang='lat' dir='ltr'>est,</span> <span class='ocrx_word' id='word_1_290' title='bbox 1169 3278 1278 3341; x_wconf 78' lang='lat' dir='ltr'>laisum</span> <span class='ocrx_word' id='word_1_291' title='bbox 1308 3274 1562 3343; x_wconf 56' lang='lat' dir='ltr'>subscribunfl</span> 
     </span>
     <span class='ocr_line' id='line_1_30' title="bbox 200 3377 1564 3458; baseline 0.005 -22"><span class='ocrx_word' id='word_1_292' title='bbox 200 3395 235 3436; x_wconf 86' lang='lat' dir='ltr'>ac</span> <span class='ocrx_word' id='word_1_293' title='bbox 256 3377 425 3457; x_wconf 87' lang='lat' dir='ltr'>Principum</span> <span class='ocrx_word' id='word_1_294' title='bbox 449 3383 530 3458; x_wconf 89' lang='lat' dir='ltr'>signa</span> <span class='ocrx_word' id='word_1_295' title='bbox 554 3381 745 3441; x_wconf 80' lang='lat' dir='ltr'>suffurantur.</span> <span class='ocrx_word' id='word_1_296' title='bbox 783 3382 843 3442; x_wconf 89' lang='lat' dir='ltr'>lam</span> <span class='ocrx_word' id='word_1_297' title='bbox 866 3389 895 3441; x_wconf 93' lang='lat' dir='ltr'>et</span> <span class='ocrx_word' id='word_1_298' title='bbox 916 3382 974 3441; x_wconf 91' lang='lat' dir='ltr'>hoc</span> <span class='ocrx_word' id='word_1_299' title='bbox 996 3383 1025 3441; x_wconf 91' lang='lat' dir='ltr'>in</span> <span class='ocrx_word' id='word_1_300' title='bbox 1049 3381 1222 3441; x_wconf 86' lang='lat' dir='ltr'>sumireudis</span> <span class='ocrx_word' id='word_1_301' title='bbox 1237 3380 1283 3440; x_wconf 92' lang='lat' dir='ltr'>his</span> <span class='ocrx_word' id='word_1_302' title='bbox 1298 3382 1564 3445; x_wconf 62' lang='lat' dir='ltr'>miserrimum!</span> 
     </span>
     <span class='ocr_line' id='line_1_31' title="bbox 200 3477 1588 3559; baseline 0.009 -22"><span class='ocrx_word' id='word_1_303' title='bbox 200 3477 301 3556; x_wconf 86' lang='lat' dir='ltr'>longe,</span> <span class='ocrx_word' id='word_1_304' title='bbox 325 3481 403 3557; x_wconf 88' lang='lat' dir='ltr'>quod</span> <span class='ocrx_word' id='word_1_305' title='bbox 427 3500 486 3540; x_wconf 90' lang='lat' dir='ltr'>uon</span> <span class='ocrx_word' id='word_1_306' title='bbox 510 3481 595 3541; x_wconf 89' lang='lat' dir='ltr'>honis</span> <span class='ocrx_word' id='word_1_307' title='bbox 617 3481 731 3541; x_wconf 91' lang='lat' dir='ltr'>artibus</span> <span class='ocrx_word' id='word_1_308' title='bbox 753 3489 802 3541; x_wconf 92' lang='lat' dir='ltr'>aut</span> <span class='ocrx_word' id='word_1_309' title='bbox 825 3483 955 3542; x_wconf 87' lang='lat' dir='ltr'>honestis</span> <span class='ocrx_word' id='word_1_310' title='bbox 977 3481 1136 3559; x_wconf 87' lang='lat' dir='ltr'>disciplinis</span> <span class='ocrx_word' id='word_1_311' title='bbox 1158 3481 1355 3543; x_wconf 86' lang='lat' dir='ltr'>excoluerunt</span> <span class='ocrx_word' id='word_1_312' title='bbox 1376 3477 1588 3549; x_wconf 55' lang='lat' dir='ltr'>animos-,1³⁰</span> 
     </span>
     <span class='ocr_line' id='line_1_32' title="bbox 199 3572 1562 3662; baseline 0.007 -25"><span class='ocrx_word' id='word_1_313' title='bbox 199 3579 250 3639; x_wconf 89' lang='lat' dir='ltr'>sed</span> <span class='ocrx_word' id='word_1_314' title='bbox 275 3598 399 3657; x_wconf 89' lang='lat' dir='ltr'>corpora</span> <span class='ocrx_word' id='word_1_315' title='bbox 422 3583 600 3643; x_wconf 87' lang='lat' dir='ltr'>vestimentis</span> <span class='ocrx_word' id='word_1_316' title='bbox 622 3590 766 3643; x_wconf 86' lang='lat' dir='ltr'>exornant</span> <span class='ocrx_word' id='word_1_317' title='bbox 794 3586 1059 3660; x_wconf 88' lang='lat' dir='ltr'>sumptuosissime:</span> <span class='ocrx_word' id='word_1_318' title='bbox 1094 3583 1138 3642; x_wconf 79' lang='lat' dir='ltr'>ob.</span> <span class='ocrx_word' id='word_1_319' title='bbox 1161 3583 1249 3662; x_wconf 87' lang='lat' dir='ltr'>idque</span> <span class='ocrx_word' id='word_1_320' title='bbox 1277 3584 1427 3646; x_wconf 86' lang='lat' dir='ltr'>inlensius</span> <span class='ocrx_word' id='word_1_321' title='bbox 1455 3572 1562 3647; x_wconf 57' lang='lat' dir='ltr'>nef</span> 
     </span>
     <span class='ocr_line' id='line_1_33' title="bbox 198 3678 1554 3763; baseline 0.006 -22"><span class='ocrx_word' id='word_1_322' title='bbox 198 3678 413 3757; x_wconf 45' lang='lat' dir='ltr'>gsswtsslffl‘d</span> <span class='ocrx_word' id='word_1_323' title='bbox 449 3685 556 3744; x_wconf 88' lang='lat' dir='ltr'>minem</span> <span class='ocrx_word' id='word_1_324' title='bbox 580 3683 815 3763; x_wconf 84' lang='lat' dir='ltr'>aderuntquam</span> <span class='ocrx_word' id='word_1_325' title='bbox 839 3686 941 3744; x_wconf 89' lang='lat' dir='ltr'>doctos</span> <span class='ocrx_word' id='word_1_326' title='bbox 964 3693 994 3745; x_wconf 90' lang='lat' dir='ltr'>et</span> <span class='ocrx_word' id='word_1_327' title='bbox 1021 3684 1168 3753; x_wconf 89' lang='lat' dir='ltr'>literatos;</span> <span class='ocrx_word' id='word_1_328' title='bbox 1202 3687 1395 3763; x_wconf 87' lang='lat' dir='ltr'>suspicantur</span> <span class='ocrx_word' id='word_1_329' title='bbox 1425 3689 1554 3748; x_wconf 70' lang='lat' dir='ltr'>enirs,</span> 
     </span>
     <span class='ocr_line' id='line_1_34' title="bbox 199 3777 1545 3865; baseline 0.004 -22"><span class='ocrx_word' id='word_1_330' title='bbox 199 3782 236 3843; x_wconf 90' lang='lat' dir='ltr'>de</span> <span class='ocrx_word' id='word_1_331' title='bbox 258 3782 304 3842; x_wconf 90' lang='lat' dir='ltr'>his</span> <span class='ocrx_word' id='word_1_332' title='bbox 329 3785 411 3862; x_wconf 91' lang='lat' dir='ltr'>quasi</span> <span class='ocrx_word' id='word_1_333' title='bbox 434 3785 483 3864; x_wconf 86' lang='lat' dir='ltr'>qui</span> <span class='ocrx_word' id='word_1_334' title='bbox 505 3787 702 3862; x_wconf 76' lang='lat' dir='ltr'>ignorantiam</span> <span class='ocrx_word' id='word_1_335' title='bbox 725 3786 880 3865; x_wconf 88' lang='lat' dir='ltr'>aliquando</span> <span class='ocrx_word' id='word_1_336' title='bbox 904 3795 933 3846; x_wconf 89' lang='lat' dir='ltr'>et</span> <span class='ocrx_word' id='word_1_337' title='bbox 954 3785 1178 3846; x_wconf 88' lang='lat' dir='ltr'>crassitudinem</span> <span class='ocrx_word' id='word_1_338' title='bbox 1205 3786 1276 3865; x_wconf 38' lang='lat' dir='ltr'>sibi,</span> <span class='ocrx_word' id='word_1_339' title='bbox 1291 3777 1545 3865; x_wconf 67' lang='lat' dir='ltr'>exprobraturi</span> 
     </span>
     <span class='ocr_line' id='line_1_35' title="bbox 200 3885 1535 3967; baseline 0.004 -22"><span class='ocrx_word' id='word_1_340' title='bbox 200 3885 274 3953; x_wconf 89' lang='lat' dir='ltr'>sint;</span> <span class='ocrx_word' id='word_1_341' title='bbox 312 3903 404 3964; x_wconf 82' lang='lat' dir='ltr'>quare</span> <span class='ocrx_word' id='word_1_342' title='bbox 427 3888 659 3949; x_wconf 90' lang='lat' dir='ltr'>etiam-minime</span> <span class='ocrx_word' id='word_1_343' title='bbox 686 3890 839 3967; x_wconf 89' lang='lat' dir='ltr'>patiuntur</span> <span class='ocrx_word' id='word_1_344' title='bbox 867 3887 1051 3966; x_wconf 85' lang='lat' dir='ltr'>principibus</span> <span class='ocrx_word' id='word_1_345' title='bbox 1081 3889 1268 3948; x_wconf 89' lang='lat' dir='ltr'>innotescere</span> <span class='ocrx_word' id='word_1_346' title='bbox 1296 3907 1365 3956; x_wconf 90' lang='lat' dir='ltr'>eos,</span> <span class='ocrx_word' id='word_1_347' title='bbox 1401 3909 1438 3950; x_wconf 92' lang='lat' dir='ltr'>ac</span> <span class='ocrx_word' id='word_1_348' title='bbox 1466 3890 1535 3949; x_wconf 75' lang='lat' dir='ltr'>ab</span> 
     </span>
     <span class='ocr_line' id='line_1_36' title="bbox 199 3985 1556 4050; baseline 0.01 -5"><span class='ocrx_word' id='word_1_349' title='bbox 199 3985 272 4047; x_wconf 89' lang='lat' dir='ltr'>aulis</span> <span class='ocrx_word' id='word_1_350' title='bbox 295 3987 457 4048; x_wconf 85' lang='lat' dir='ltr'>detrudunt</span> <span class='ocrx_word' id='word_1_351' title='bbox 478 3988 669 4050; x_wconf 87' lang='lat' dir='ltr'>odiosissime.</span> <span class='ocrx_word' id='word_1_352' title='bbox 1432 4024 1437 4035; x_wconf 87' lang='lat'><strong>·</strong></span> <span class='ocrx_word' id='word_1_353' title='bbox 1538 4001 1556 4042; x_wconf 78' lang='lat'>³⁵</span> 
     </span>
    </p>

    <p class='ocr_par' dir='ltr' id='par_1_18' title="bbox 129 4086 1518 4573">
     <span class='ocr_line' id='line_1_37' title="bbox 129 4086 1518 4169; baseline -0.002 -19"><span class='ocrx_word' id='word_1_354' title='bbox 129 4086 316 4169; x_wconf 60' lang='lat' dir='ltr'>§ffldlillll&#39;l</span> <span class='ocrx_word' id='word_1_355' title='bbox 381 4110 582 4154; x_wconf 66' lang='lat' dir='ltr'>rnaucrscvs·</span> <span class='ocrx_word' id='word_1_356' title='bbox 619 4092 668 4152; x_wconf 91' lang='lat' dir='ltr'>Sic</span> <span class='ocrx_word' id='word_1_357' title='bbox 689 4090 722 4149; x_wconf 84' lang='lat' dir='ltr'>sit</span> <span class='ocrx_word' id='word_1_358' title='bbox 744 4097 778 4151; x_wconf 57' lang='lat' dir='ltr'>ut&gt;</span> <span class='ocrx_word' id='word_1_359' title='bbox 798 4092 854 4157; x_wconf 90' lang='lat' dir='ltr'>ais;</span> <span class='ocrx_word' id='word_1_360' title='bbox 883 4089 934 4149; x_wconf 89' lang='lat' dir='ltr'>sed</span> <span class='ocrx_word' id='word_1_361' title='bbox 957 4098 989 4149; x_wconf 95' lang='lat' dir='ltr'>tu</span> <span class='ocrx_word' id='word_1_362' title='bbox 1016 4092 1047 4149; x_wconf 89' lang='lat' dir='ltr'>in</span> <span class='ocrx_word' id='word_1_363' title='bbox 1068 4088 1193 4150; x_wconf 86' lang='lat' dir='ltr'>llisaulo</span> <span class='ocrx_word' id='word_1_364' title='bbox 1214 4097 1275 4157; x_wconf 91' lang='lat' dir='ltr'>tuo,</span> <span class='ocrx_word' id='word_1_365' title='bbox 1305 4110 1374 4152; x_wconf 90' lang='lat' dir='ltr'>cum</span> <span class='ocrx_word' id='word_1_366' title='bbox 1405 4093 1518 4152; x_wconf 78' lang='lat' dir='ltr'>omnia</span> 
     </span>
     <span class='ocr_line' id='line_1_38' title="bbox 198 4189 1510 4269; baseline 0.001 -20"><span class='ocrx_word' id='word_1_367' title='bbox 198 4189 272 4250; x_wconf 76' lang='lat' dir='ltr'>aulae</span> <span class='ocrx_word' id='word_1_368' title='bbox 295 4192 361 4253; x_wconf 81' lang='lat' dir='ltr'>vitia</span> <span class='ocrx_word' id='word_1_369' title='bbox 384 4193 503 4269; x_wconf 90' lang='lat' dir='ltr'>copiose</span> <span class='ocrx_word' id='word_1_370' title='bbox 525 4194 609 4260; x_wconf 84' lang='lat' dir='ltr'>satia,</span> <span class='ocrx_word' id='word_1_371' title='bbox 640 4199 671 4251; x_wconf 91' lang='lat' dir='ltr'>ut</span> <span class='ocrx_word' id='word_1_372' title='bbox 694 4192 765 4252; x_wconf 89' lang='lat' dir='ltr'>mibi</span> <span class='ocrx_word' id='word_1_373' title='bbox 788 4191 916 4260; x_wconf 83' lang='lat' dir='ltr'>ridetur,</span> <span class='ocrx_word' id='word_1_374' title='bbox 946 4190 1127 4268; x_wconf 82' lang='lat' dir='ltr'>depinxeris,</span> <span class='ocrx_word' id='word_1_375' title='bbox 1161 4192 1191 4250; x_wconf 85' lang='lat' dir='ltr'>in</span> <span class='ocrx_word' id='word_1_376' title='bbox 1219 4190 1300 4250; x_wconf 89' lang='lat' dir='ltr'>solos</span> <span class='ocrx_word' id='word_1_377' title='bbox 1323 4194 1510 4252; x_wconf 88' lang='lat' dir='ltr'>secretarios</span> 
     </span>
     <span class='ocr_line' id='line_1_39' title="bbox 200 4289 1503 4369; baseline 0.002 -21"><span class='ocrx_word' id='word_1_378' title='bbox 200 4289 306 4350; x_wconf 89' lang='lat' dir='ltr'>acerbe</span> <span class='ocrx_word' id='word_1_379' title='bbox 328 4292 427 4352; x_wconf 88' lang='lat' dir='ltr'>minus</span> <span class='ocrx_word' id='word_1_380' title='bbox 449 4294 580 4353; x_wconf 82' lang='lat' dir='ltr'>invectus</span> <span class='ocrx_word' id='word_1_381' title='bbox 604 4311 644 4351; x_wconf 91' lang='lat' dir='ltr'>es.</span> <span class='ocrx_word' id='word_1_382' title='bbox 682 4311 718 4352; x_wconf 91' lang='lat' dir='ltr'>an</span> <span class='ocrx_word' id='word_1_383' title='bbox 741 4292 819 4352; x_wconf 84' lang='lat' dir='ltr'>linnd</span> <span class='ocrx_word' id='word_1_384' title='bbox 842 4293 912 4352; x_wconf 90' lang='lat' dir='ltr'>dum</span> <span class='ocrx_word' id='word_1_385' title='bbox 929 4309 1122 4369; x_wconf 84' lang='lat' dir='ltr'>cognoveras,</span> <span class='ocrx_word' id='word_1_386' title='bbox 1147 4311 1215 4353; x_wconf 90' lang='lat' dir='ltr'>cnm</span> <span class='ocrx_word' id='word_1_387' title='bbox 1230 4291 1268 4352; x_wconf 91' lang='lat' dir='ltr'>ab</span> <span class='ocrx_word' id='word_1_388' title='bbox 1284 4291 1404 4353; x_wconf 90' lang='lat' dir='ltr'>illorum</span> <span class='ocrx_word' id='word_1_389' title='bbox 1421 4311 1503 4354; x_wconf 91' lang='lat' dir='ltr'>com·</span> 
     </span>
     <span class='ocr_line' id='line_1_40' title="bbox 197 4390 1496 4473; baseline 0.001 -24"><span class='ocrx_word' id='word_1_390' title='bbox 197 4393 349 4451; x_wconf 86' lang='lat' dir='ltr'>mentariis</span> <span class='ocrx_word' id='word_1_391' title='bbox 372 4401 508 4470; x_wconf 91' lang='lat' dir='ltr'>petantur</span> <span class='ocrx_word' id='word_1_392' title='bbox 532 4395 644 4462; x_wconf 86' lang='lat' dir='ltr'>onuria,</span> <span class='ocrx_word' id='word_1_393' title='bbox 674 4393 812 4473; x_wconf 86' lang='lat' dir='ltr'>quicquid</span> <span class='ocrx_word' id='word_1_394' title='bbox 839 4413 893 4454; x_wconf 94' lang='lat' dir='ltr'>suo</span> <span class='ocrx_word' id='word_1_395' title='bbox 922 4393 1034 4454; x_wconf 88' lang='lat' dir='ltr'>scelere</span> <span class='ocrx_word' id='word_1_396' title='bbox 1062 4393 1110 4461; x_wconf 87' lang='lat' dir='ltr'>fit,</span> <span class='ocrx_word' id='word_1_397' title='bbox 1144 4393 1230 4452; x_wconf 80' lang='lat' dir='ltr'>bouis</span> <span class='ocrx_word' id='word_1_398' title='bbox 1258 4395 1348 4459; x_wconf 82' lang='lat' dir='ltr'>etiam</span> <span class='ocrx_word' id='word_1_399' title='bbox 1371 4390 1496 4455; x_wconf 87' lang='lat' dir='ltr'>adscribi</span> 
     </span>
     <span class='ocr_line' id='line_1_41' title="bbox 196 4490 1513 4573; baseline 0.002 -24"><span class='ocrx_word' id='word_1_400' title='bbox 196 4490 400 4570; x_wconf 83' lang='lat' dir='ltr'>Principibus,</span> <span class='ocrx_word' id='word_1_401' title='bbox 431 4502 518 4573; x_wconf 64' lang='lat' dir='ltr'>atriae</span> <span class='ocrx_word' id='word_1_402' title='bbox 547 4495 616 4556; x_wconf 89' lang='lat' dir='ltr'>inde</span> <span class='ocrx_word' id='word_1_403' title='bbox 639 4496 702 4555; x_wconf 86' lang='lat' dir='ltr'>fieri</span> <span class='ocrx_word' id='word_1_404' title='bbox 731 4504 763 4558; x_wconf 91' lang='lat' dir='ltr'>ut</span> <span class='ocrx_word' id='word_1_405' title='bbox 790 4495 865 4556; x_wconf 90' lang='lat' dir='ltr'>male</span> <span class='ocrx_word' id='word_1_406' title='bbox 888 4496 1009 4555; x_wconf 90' lang='lat' dir='ltr'>audiant</span> <span class='ocrx_word' id='word_1_407' title='bbox 1029 4496 1132 4573; x_wconf 81' lang='lat' dir='ltr'>aptiori</span> <span class='ocrx_word' id='word_1_408' title='bbox 1154 4497 1388 4573; x_wconf 80' lang='lat' dir='ltr'>nonuunquam?</span> <span class='ocrx_word' id='word_1_409' title='bbox 1420 4512 1513 4573; x_wconf 82' lang='lat' dir='ltr'>pre-o</span> 
     </span>
    </p>
   </div>
   <div class='ocr_carea' id='block_1_3' title="bbox 214 4619 401 4629">
    <p class='ocr_par' dir='ltr' id='par_1_19' title="bbox 214 4619 401 4629">
     <span class='ocr_line' id='line_1_42' title="bbox 214 4619 401 4629; baseline 0.005 -1"><span class='ocrx_word' id='word_1_410' title='bbox 214 4619 401 4629; x_wconf 81' lang='grc' dir='ltr'>-ι--.--.</span> 
     </span>
    </p>
   </div>
   <div class='ocr_carea' id='block_1_4' title="bbox 230 4676 1480 4746">
    <p class='ocr_par' dir='ltr' id='par_1_20' title="bbox 230 4676 1480 4746">
     <span class='ocr_line' id='line_1_43' title="bbox 230 4676 1480 4746; baseline -0.001 -19"><span class='ocrx_word' id='word_1_411' title='bbox 230 4676 250 4708; x_wconf 79' lang='lat'>¹⁸</span> <span class='ocrx_word' id='word_1_412' title='bbox 264 4678 436 4728; x_wconf 82' lang='lat' dir='ltr'>oraculicdd.</span> <span class='ocrx_word' id='word_1_413' title='bbox 473 4679 588 4723; x_wconf 60' lang='lat' dir='ltr'>saepem.</span> <span class='ocrx_word' id='word_1_414' title='bbox 598 4678 628 4713; x_wconf 78' lang='lat'>³²·</span> <span class='ocrx_word' id='word_1_415' title='bbox 640 4679 746 4746; x_wconf 79' lang='lat' dir='ltr'>Barth]</span> <span class='ocrx_word' id='word_1_416' title='bbox 760 4680 973 4745; x_wconf 76' lang='lat' dir='ltr'>cf.vol.l.p.lli.</span> <span class='ocrx_word' id='word_1_417' title='bbox 993 4677 1480 4746; x_wconf 73' lang='lat' dir='ltr'>&#39;·³⁶·infel.lol.]Vcrg.Georg.1.lbl.</span> 
     </span>
    </p>
   </div>
   <div class='ocr_carea' id='block_1_5' title="bbox 0 0 1620 5415">
    <p class='ocr_par' dir='ltr' id='par_1_21' title="bbox 0 0 1620 5415">
     <span class='ocr_line' id='line_1_44' title="bbox 0 0 1620 5415; baseline 0 0"><span class='ocrx_word' id='word_1_418' title='bbox 0 0 1620 5415; x_wconf 95' lang='lat' dir='ltr'> </span> 
     </span>
    </p>
   </div>
  </div>
 </body>
</html>
