3210 5416
258 361 329 431 522
704 391 821 425 mutuor
841 390 1111 426 PGHDOHVTTEMGI.

196 553 257 601 §.tt
322 549 454 605 Eecius.
493 528 931 616 000010οι011ιουάειιίιιιιιιῑίι
956 547 1103 620 intelligo·
1158 574 1161 577 Δ
1259 558 1263 574 '

320 633 438 689 Amici.
480 632 635 688 Gloriosurn
657 632 748 694 illuni,
778 632 927 693 insulsum.
958 632 1100 706 supinum,
1130 643 1322 708 arrogantem,
1359 636 1436 692 euius
1462 646 1534 711 pater.

255 718 332 774 cuius
355 725 455 778 mater,
479 718 597 772 nostin'l

320 802 452 858 Eccius.
490 802 558 868 Quid
582 804 608 857 ui
632 801 764 863 noverim,
798 802 876 859 cuius
906 819 993 880 nuper
1022 803 1192 858 interfuerim
1221 805 1341 877 nuptiis,
1376 805 1466 878 ibique
1493 823 1536 860 nou

256 887 365 962 penitus
388 887 470 943 invita
491 886 643 943 saltaverim
667 886 785 948 Venere,
813 903 864 942 noc
892 886 951 941 sine
973 885 1150 959 glabellarurb
1174 906 1205 944 ac
1227 889 1418 962 argutularum
1440 891 1554 946 lomim-⁵

257 990 316 1027 nun
339 971 431 1034 leude
460 990 514 1044 quo
537 972 618 1027 etiam
642 973 668 1027 iu
692 971 865 1044 explorandis
887 971 1049 1027 Lutlreranis
1071 973 1191 1045 negotiis
1214 991 1265 1045 pro
1288 973 1463 1046 speculatore
1483 993 1539 1030 usus

256 1074 329 1119 sum,
362 1074 422 1112 nam
451 1056 490 1111 illi
518 1074 548 1111 se
577 1057 689 1112 amicum
721 1055 980 1127 deprehensorum
1005 1054 1137 1112 Bilibaldo
1168 1057 1238 1112 baud
1267 1058 1414 1154 admodum
1436 1059 1538 1117 conlido

256 1141 712 1214 mmwmmmffl.
1100 1171 1102 1173 ·

320 1225 431 1280 Amici
468 1225 523 1280 Nos
546 1242 608 1280 vero
632 1224 707 1280 illum
730 1224 779 1279 tibi
802 1225 992 1280 amicissimum
1017 1225 1186 1298 putabamus.

188 1309 247 1359 tlt·
322 1309 454 1365 liccius.
493 1310 530 1365 lte
553 1309 696 1366 simulabat
718 1305 852 1364 scelestus
874 1307 932 1370 ille,
967 1317 995 1364 et
1017 1327 1069 1382 ego
1098 1310 1182 1366 lerino
1209 1299 1371 1373 credebam,
1405 1313 1451 1367 sed
1481 1311 1539 1365 baud
1549 1323 1566 1361 ιι

260 1394 327 1448 nilon
350 1394 454 1468 pridem
478 1393 551 1449 illius
573 1395 606 1449 ad
629 1412 671 1450 me
693 1392 844 1450 clanculum
867 1392 954 1448 deleta
978 1403 1020 1449 est
1041 1394 1170 1468 epistula.
1205 1396 1232 1450 in
1263 1413 1317 1468 qua
1346 1397 1421 1452 inter
1448 1395 1540 1468 reliqua
1583 1438 1587 1449 .

257 1478 416 1552 Sophistam
432 1477 584 1551 gloriosum
606 1487 634 1534 ct
656 1479 810 1535 Griecarunr
832 1478 971 1533 literarum
996 1478 1119 1550 ignarum
1141 1479 1298 1553 appellarit.-

320 1565 434 1620 Amici.
473 1564 541 1619 Vere
561 1565 614 1619 ne‘t

321 1647 452 1705 Eccius.
491 1648 649 1708 Verissime,
673 1648 720 1703 sed
743 1647 888 1722 epistolam
912 1646 982 1704 illam
1004 1665 1140 1722 nunquam
1163 1648 1195 1704 ad
1226 1667 1269 1704 me
1295 1657 1485 1723 perventuram
1505 1665 1540 1703 ιι·

256 1730 422 1796 bitrabatur,
456 1750 508 1806 ego
531 1751 595 1789 vero
617 1733 679 1788 data
701 1732 908 1806 opportunitate
930 1732 1016 1805 probe
1042 1750 1086 1789 ms
1114 1734 1147 1788 dc
1176 1734 1286 1789 bomine
1306 1733 1446 1795 ulciscar,
1479 1744 1564 1789 nunett

257 1833 320 1872 roro
335 1817 513 1875 'dissimulare
536 1826 564 1873 et
586 1826 684 1873 ‘motos
707 1825 820 1891 praestat
842 1832 1006 1890 componere
1029 1817 1143 1897 lluctus’.

276 1943 281 1950 .
319 1903 437 1958 Amici.
476 1903 631 1977 Sapieutsr,
666 1911 696 1957 ut
718 1910 828 1963 cuncte,
864 1918 897 1957 ne
920 1901 1019 1957 melum
1041 1903 1209 1964 accumules.
1242 1912 1271 1959 et
1299 1903 1422 1959 humoris
1445 1903 1537 1958 tandem

258 1987 344 2061 impar
362 2005 434 2044 onus
458 1989 588 2061 imponas

189 2083 246 2132 tit.
321 2073 452 2129 Eccius.
491 2072 588 2127 Verum
612 2080 639 2127 et
661 2071 760 2127 doctor
780 2064 968 2127 Cocleus‘iam
990 2071 1168 2144 Nurinbergn
1190 2088 1274 2144 agere
1296 2073 1400 2131 lentur.
1424 2089 1454 2127 er
1473 2069 1536 2127 ltalir

258 2174 345 2230 nuper
368 2175 505 2218 reversus,
529 2166 556 2212 et
580 2157 661 2212 lectio
683 2155 925 2228 Augrrstinensium
950 2156 986 2210 ibi
1008 2156 1078 2229 apud
1101 2157 1273 2229 potentiores
1295 2157 1398 2212 alletim
1422 2159 1496 2229 riget.
1542 2165 1560 2203 s

320 2242 439 2298 Amici.
476 2241 544 2309 Quid
568 2242 621 2303 uis,
644 2249 756 2296 etcum
778 2240 876 2297 Goeleo
899 2239 948 2296 tibi
969 2241 1142 2297 intercedunt
1163 2239 1269 2295 turbre?

320 2324 450 2381 Eccius.
489 2325 536 2381 Vel
559 2326 679 2381 niarirnae
704 2325 811 2398 quidem
834 2333 861 2381 et
883 2325 1088 2398 antiquissimae.

320 2410 440 2466 Amici.
478 2410 528 2465 lies
552 2410 665 2483 periculi
688 2409 781 2483 plena,
805 2418 834 2465 et
856 2411 999 2466 admodum
1022 2410 1184 2470 timendum,
1200 2426 1243 2465 ne
1263 2410 1363 2484 capitis
1378 2410 1475 2468 incidas
1489 2426 1533 2464 rer-

259 2494 384 2567 tiffioem,
407 2495 434 2550 id
456 2495 527 2550 cuim
550 2494 663 2551 Coclsus
685 2494 793 2551 eltieerc
816 2494 896 2551 solet.
933 2495 985 2550 Sed
1008 2510 1068 2568 quae
1090 2494 1287 2550 discordiarum
1310 2500 1410 2551 causa?

189 2594 248 2643 §.re
322 2579 456 2635 Eccius.
495 2579 605 2634 Usurarn
629 2596 681 2651 ego
704 2578 891 2640 defendebam,
927 2596 1006 2652 quarn
1037 2578 1083 2634 ille
1111 2587 1227 2652 patrono
1257 2578 1322 2634 olim
1355 2598 1405 2635 suo
1433 2578 1554 2652 patroni-²⁵

258 2680 325 2720 uaris
343 2663 532 2738 oppugnabat.
569 2664 683 2737 lnsnper
705 2675 787 2737 quem
811 2664 938 2719 Bononiae
962 2663 1146 2720 beneraticios
1168 2671 1328 2720 contractus
1358 2664 1464 2738 publice
1487 2662 1530 2717 liei·

260 2758 304 2805 tos
325 2764 385 2804 esse
408 2749 650 2810 demonstrassem.
674 2765 705 2804 ac
727 2765 782 2803 non
804 2747 893 2804 solum
916 2748 1011 2803 milri
1005 2748 1075 2822 ipsi,
1099 2748 1145 2803 ssd
1168 2756 1205 2803 et
1217 2749 1353 2804 uuiversae
1367 2747 1529 2805 ustioniiier

257 2834 367 2889 manicae
389 2833 521 2889 honorem
544 2833 745 2907 requisivissent
770 2832 920 2905 ingentem
951 2832 996 2888 ille
1026 2841 1113 2888 tamen
1143 2849 1206 2888 cum
1231 2850 1264 2888 ea
1286 2833 1320 2888 ile
1343 2851 1373 2888 re
1395 2834 1426 2889 ed
1448 2832 1527 2889 ambos

256 2919 400 2980 scriberet
434 2919 585 2974 doctrinam
608 2925 642 2974 et
658 2915 777 2989 linguam
800 2925 828 2972 et
850 2925 945 2990 gestus
967 2926 995 2973 et
1017 2918 1158 2973 materiam
1180 2905 1265 2990 ipsaur
1294 2917 1452 2990 sugillabat
1480 2931 1525 2971 00ιο

257 3002 370 3060 loannes
393 3002 489 3064 Fabri,
514 3004 610 3077 quiet
633 3002 691 3074 ipse
713 3018 772 3057 cum
797 3002 823 3056 iu
847 3001 982 3058 harenam
996 3001 1194 3062 descemlerot,
1208 3002 1323 3057 maxime
1346 3002 1482 3058 laudasset
1530 3012 1547 3049 a

320 3088 436 3144 Amici.
475 3087 627 3144 Sceleratus
650 3085 705 3141 ille.

187 3184 246 3231 §.rr
321 3171 451 3228 Eccius.
490 3171 614 3240 Quamvis
636 3171 716 3227 etiam
741 3169 848 3232 literas,
878 3188 945 3244 quas
970 3170 1166 3227 testimoniales
1189 3181 1301 3232 vocant.
1331 3173 1471 3227 aratione
1489 3169 1523 3221 in·

258 3265 407 3329 petrusscm

318 3340 413 3395 Puer.
451 3340 627 3414 bipsensibus
649 3302 780 3433 perquam
803 3310 918 3401 similes,
941 3348 1080 3414 coemptas
1101 3349 1129 3396 et
1149 3341 1340 3397 emendicatas.
1379 3337 1520 3413 iampridem

255 3424 326 3480 enim
349 3424 414 3480 fides
437 3422 510 3479 illius
533 3424 628 3498 periit,
651 3424 694 3479 cui
717 3424 776 3480 sine
799 3424 887 3480 literis
910 3424 975 3481 lides
997 3425 1154 3497 denegatur.
1525 3428 1542 3466 ³⁵

323 3603 632 3668 ¹⁶1v0rg.lten.1.135.
668 3603 690 3638 ²³
704 3604 1044 3656 Cf.Meornb.Sst.V11.il.
1082 3605 1104 3638 ²⁸
1122 3606 1233 3672 publice
1252 3611 1276 3657 1.
1315 3605 1338 3639 ²⁵
1357 3606 1490 3666 Germanis
1503 3601 1518 3646 l·

253 3689 275 3723 ²⁹
287 3689 433 3759 sigillebet
443 3692 467 3738 1.
503 3687 529 3720 ⁸⁰
538 3688 678 3755 IoFsbri}
689 3691 866 3755 Augustanus
877 3690 938 3750 luit,
946 3690 1002 3740 ord.
1010 3676 1196 3753 S.Domiuiei,
1210 3691 1404 3742 Maximilisno
1414 3682 1519 3740 etCrrolr

254 3777 286 3827 V·.
300 3792 317 3825 s
330 3774 558 3825 confessionibus.
578 3772 680 3835 fleto,
696 3790 847 3824 creussen.
870 3775 921 3839 Ep.
934 3774 1015 3824 buius
1028 3774 1112 3825 Fubri
1126 3775 1280 3825 sdPirekh.
1293 3776 1320 3825 d.
1338 3776 1377 3825 1².
1390 3776 1455 3837 Aug.
1469 3764 1518 3820 lbll.

255 3861 281 3910 d.
296 3861 462 3924 (Heumann.
476 3859 583 3908 docum.
597 3858 637 3908 lit.
651 3857 739 3924 psl.)
752 3860 771 3908 i.
779 3860 799 3909 f.
813 3859 912 3911 babet:
933 3859 1012 3920 „Etsi
1027 3859 1176 3924 aliqnando
1189 3858 1322 3910 Coolemn
1339 3862 1395 3910 tuis
1411 3852 1518 3909 mmerit-

253 3946 331 3995 simis
343 3944 432 3993 literis
445 3943 618 4000 salutaveris,
629 3959 671 3993 me
682 3945 746 3994 hnic
758 3922 1238 4010 (rogo'humiliter),quamplurimum
1248 3944 1422 3995 commendes
1431 3947 1517 4008 0000111-

183 4061 188 4069 ·
253 4031 320 4080 Fuit
332 4017 405 4080 euim
417 4028 484 4077 milri
497 4029 526 4077 in
539 4020 726 4094 disputatione
740 4028 790 4077 ille
802 4029 984 4088 Bononiensi,
1004 4044 1086 4093 quem
1099 4036 1196 4079 contro
1207 4021 1326 4091 Eeklum
1339 4020 1519 4093 disceptasset

253 4114 362 4173 ¹unricus
375 4118 403 4162 et
415 4113 521 4174 teuton
542 4113 569 4163 id
583 4114 654 4178 quod
667 4115 738 4163 sorte
751 4112 823 4162 alies
837 4128 870 4162 ex
881 4113 941 4162 viro
954 4113 1001 4162 illo
1015 4114 1117 4178 optimo
1129 4113 1309 4178 percepisti.''
1346 4113 1369 4145 ³⁰
1380 4118 1425 4162 ts.
1439 4109 1518 4175 quiem

254 4203 284 4246 et
295 4198 312 4246 i.
326 4197 364 4246 in.
410 4196 433 4230 ³⁴
450 4197 555 4247 Adolm.
570 4197 604 4246 nd
617 4197 729 4247 Pirekh.
743 4197 770 4246 d.
782 4197 902 4262 23.Aug.
917 4213 942 4246 e.
953 4195 1026 4246 1519.
1041 4196 1207 4260 (Heumann.
1221 4197 1282 4248 doe.
1295 4195 1339 4251 lit.
1352 4215 1377 4263 p.
1393 4195 1456 4257 lat.)
1472 4188 1517 4254 „St

253 4280 347 4344 pbiste.
359 4297 432 4331 nuno
442 4282 517 4347 apud
535 4297 585 4331 nos
604 4286 660 4344 est,
680 4286 781 4332 etcum
795 4298 843 4347 prr
856 4296 950 4331 omnes
962 4281 1095 4332 tabernas
1108 4297 1142 4331 ec
1155 4282 1314 4332 tonstrinas*
1324 4282 1419 4331 literas
1431 4279 1518 4342 Lipser
1596 4349 1597 4352 Ἴ

253 4366 322 4415 sium
334 4367 389 4415 sibi
402 4366 483 4416 detes
503 4366 732 4431 circumtulisset,
752 4367 864 4416 tandem
883 4367 920 4416 ed
932 4366 1145 4431 imprimendum
1164 4366 1254 4427 dedit,
1276 4382 1329 4431 quo
1342 4366 1425 4416 letius
1436 4377 1485 4420 sus,
1499 4357 1518 4401 ¹1¹

254 4448 314 4514 ipse
328 4451 362 4500 de
375 4465 405 4500 se
417 4451 514 4512 isctst,
530 4450 675 4513 modestis,
690 4451 739 4502 ssd
751 4452 844 4516 potius
857 4450 993 4513 molestis,
1007 4456 1113 4516 petest
1132 4451 1241 4500 Mittam
1248 4451 1308 4500 tibi
1323 4448 1466 4514 exemplar,
1477 4451 1518 4492 eun

253 4539 351 4583 nectus
364 4535 451 4584 fuero.
476 4536 583 4597 Mirum,
598 4536 668 4601 qnod
682 4551 742 4587 sum
753 4535 857 4601 gloria,
865 4551 947 4600 quem
959 4550 1010 4600 per
1021 4532 1096 4587 rbills
1109 4535 1256 4585 mendacis
1268 4535 1427 4585 avidissime
1438 4523 1518 4580 desiit

254 4621 311 4676 ret,
321 4617 417 4682 tergit,
437 4633 470 4669 sc
483 4624 605 4669 nostrum
616 4620 766 4670 Martinum
780 4621 933 4684 lugientem
946 4618 1078 4684 sequitur.
1109 4619 1163 4669 Sed
1176 4619 1237 4668 haec
1249 4624 1314 4668 sunt
1332 4620 1404 4668 lictae
1419 4608 1519 4672 vernuli

255 4698 368 4751 virtutis
380 4703 521 4769 presmls.”
540 4717 690 4756 mensarii.
714 4703 757 4754 Cf.
766 4707 848 4772 supro
861 4706 884 4763 ἕ.
894 4702 933 4754 lb.
953 4705 1078 4754 Ecoienn
1091 4704 1225 4754 modestia
1240 4704 1270 4753 in
1280 4703 1448 4770 proverbium
1463 4690 1518 4746 abiit.
