3262 5430
323 361 388 410 1111.
458 375 595 410 renarra.
632 375 771 411 nracoors
792 375 976 410 accressere.
997 360 1084 425 (rste.)
1354 346 1401 416 85

167 549 325 590 ronrvna.
363 528 448 606 Digni
470 528 587 608 quibus>
608 546 757 606 nunquam
784 529 860 590 bene
888 529 1014 599 eveniat,
1040 529 1189 608 siquidem
1218 528 1292 588 tales
1320 537 1472 598 suntme.

99 628 155 688 tibi
180 648 251 688 vern
274 638 308 689 ut
330 629 405 690 bene
427 632 478 699 sit,
502 630 603 690 labore
626 629 792 690 conandum
815 632 957 691 existimo.

169 751 346 792 uvrramrs.
384 732 498 791 lt'iam
521 730 650 791 laboravi
665 749 758 792 annos
774 734 859 792 nimis
874 730 995 800 multos,
1018 750 1074 791 nee
1087 731 1117 790 id
1134 731 1403 809 adsequatussom.

168 851 324 893 rosrvrra.
363 833 437 902 Quid
460 831 616 892 laborabas
639 851 723 901 vero,
748 835 771 892 si
795 832 938 911 theologis
957 832 1101 893 credebas
1116 834 1213 892 omma
1229 832 1321 892 molto
1337 840 1404 894 ante

75 947 196 1009 squam
220 936 356 994 eveniant
377 935 493 1010 provisa
517 930 690 994 mortalibus
713 935 796 994 esse?

168 1053 343 1095 averrere.
381 1034 564 1096 laborabam
587 1043 694 1095 tamen.

168 1154 324 1196 ronanus.
362 1136 405 1196 Ne
427 1135 474 1196 illa
497 1138 521 1196 si
544 1141 604 1196 nort
625 1144 702 1196 esset
723 1135 832 1196 scilicet
862 1136 1059 1214 providentia,
1088 1142 1120 1194 to
1151 1135 1277 1196 traheres
1305 1143 1402 1195 tannen

102 1234 184 1295 unde
207 1237 336 1305 rireres,
360 1255 397 1297 ne
419 1238 609 1297 esuriendum
631 1236 683 1297 tibi
706 1238 802 1298 esset?
1133 1302 1134 1305 Ἴ

168 1357 343 1399 urrrrnvs.
381 1338 513 1408 blinime,
547 1338 598 1398 sed
626 1336 773 1398 docebant
801 1339 887 1398 iidem
916 1337 956 1398 illi
983 1338 1143 1406 recordor,
1179 1338 1308 1416 paranda
1338 1347 1470 1399 essese.

67 1434 210 1497 inlabere
233 1440 346 1508 omnia,
370 1439 493 1500 subinde
515 1439 695 1499 inculcantes
718 1439 803 1507 mihi,
827 1458 941 1500 merum
965 1438 1096 1499 laborem
1120 1457 1184 1500 esse
1207 1441 1292 1498 vitam
1315 1439 1401 1508 bano,

101 1539 195 1597 otium
220 1557 289 1599 rere
312 1539 534 1600 detestabantur
557 1540 687 1608 inlense;
717 1540 862 1619 quandam
885 1558 976 1620 porro
998 1558 1155 1619 superesse
1177 1540 1294 1601 aiebant
1316 1542 1401 1600 vitam

101 1637 216 1699 laboris
238 1659 272 1700 ac
295 1641 412 1701 duritiei
435 1647 585 1719 expertem
609 1642 720 1709 ornnis,
744 1659 810 1720 quae
833 1640 909 1701 bona
932 1640 1056 1702 haberet
1077 1658 1166 1720 supra
1189 1660 1277 1720 quarn
1299 1648 1401 1721 optare

101 1738 211 1818 aliquis
234 1743 333 1819 possit·
348 1743 476 1820 copiose.

166 1861 321 1903 renerus.
360 1842 481 1913 Mirum,
511 1861 577 1922 quae
599 1850 667 1904 sunt
688 1845 804 1923 provisa
827 1843 885 1904 iam
906 1845 936 1903 in
959 1843 1085 1922 quodam
1115 1845 1199 1919 quasi
1225 1845 1468 1922 repositorioro.

66 1950 131 2002 eet
154 1944 195 2002 ita
219 1943 284 2002 latis
306 1945 409 2014 infixa,
432 1951 465 2004 nt
486 1946 629 2005 remorari
652 1963 685 2004 ca
701 1945 865 2021 ,quominus
887 1952 919 2005 ut
940 1944 1081 2005 destinata
1097 1951 1166 2004 sunt
1181 1945 1314 2005 eveniant
1328 1943 1401 2004 nibil

99 2045 212 2123 possit,
235 2044 333 2105 adbuc
355 2048 446 2124 quaeri
468 2045 570 2106 labore
592 2052 621 2105 et
643 2046 784 2106 industria
807 2053 953 2123 oportere.

166 2166 341 2207 averanus.
380 2146 484 2206 Fatum
515 2165 573 2206 non
604 2155 648 2207 est
676 2166 711 2206 ex
739 2146 847 2206 horum
875 2147 1024 2214 doctrina,
1058 2147 1109 2207 sed
1139 2147 1233 2207 divina
1258 2145 1398 2216 voluntas,

99 2255 190 2325 atque
215 2267 247 2307 ea
272 2249 474 2308 necessitatem
497 2267 555 2307 oon
579 2248 683 2315 babet,
712 2248 762 2307 sed
792 2246 884 2308 libere
911 2246 1046 2325 providet
1068 2266 1102 2307 ac
1125 2247 1202 2308 llecti
1225 2249 1347 2309 horsum
1371 2255 1399 2308 et

98 2348 235 2408 illorsum
258 2349 332 2409 rotis
354 2356 382 2409 et
404 2348 622 2428 precationibus
638 2350 720 2410 sinit.

60 2466 90 2505 ιο
166 2470 321 2511 rosamo.
359 2448 434 2519 Quid
458 2457 489 2509 tu
511 2468 570 2510 non
592 2450 685 2511 llectis
707 2449 783 2510 bane
806 2450 912 2528 igliur?
1407 2461 1466 2517 §.rc

164 2571 339 2612 nemesus.
378 2551 414 2610 Ut
435 2551 632 2630 locupletarer
654 2551 772 2629 qoidcm
796 2551 927 2612 nondum
949 2553 1110 2630 impetrari.

164 2672 319 2713 roarvsa.
358 2652 531 2730 Qomqoam
555 2654 726 2732 impetrasse
749 2671 820 2713 vero
841 2652 952 2713 vidisti?

165 2774 339 2814 mrrranvs.
379 2753 485 2814 Dirites
508 2754 577 2813 istos
599 2753 716 2813 aiebant
735 2752 865 2831 tbeolngi
885 2753 1053 2816 obtinuisse
1070 2755 1136 2816 boc

165 2875 319 2915 rona-mm.
358 2854 429 2913 eom
454 2852 644 2915 adularentur
666 2856 761 2915 lorte‘l

54 2971 87 3011 π
165 2937 338 3016 aveamus.
375 2955 495 3022 Nescio,
523 2974 690 3035 quanquam
713 2954 927 3034 utplurimum
950 2957 987 3014 ita
1010 2956 1166 3017 indelitiis
1194 2974 1282 3034 agere
1309 2958 1397 3016 vitam

95 3058 235 3134 comperi
257 3056 374 3125 divites,
398 3064 430 3117 ot
452 3076 495 3118 oe
512 3057 654 3136 precandi
674 3058 792 3136 quidem
815 3064 866 3118 aut
887 3057 991 3118 orandi
1012 3073 1029 3114 a
1051 3056 1108 3117 deo
1128 3057 1274 3117 fastidium
1291 3057 1395 3126 lerant,

94 3164 212 3218 motum
235 3156 319 3217 abest
342 3166 372 3216 ut
394 3158 530 3219 laborent
551 3159 647 3220 adbuc
669 3165 698 3219 et
720 3166 860 3236 comant,
884 3166 934 3219 aot
956 3159 1096 3219 industrie
1118 3160 1275 3237 quicquam
1297 3167 1393 3235 agent.

164 3278 317 3318 reuersa.
356 3258 440 3329 Quod
464 3279 531 3321 eum
554 3262 648 3331 rides,
678 3278 776 3321 nonne
799 3260 916 3320 dubitas
938 3260 1008 3339 quid
1031 3262 1067 3320 sit
1089 3260 1146 3320 boc
1168 3260 1246 3339 quod
1269 3267 1328 3320 tarn
1351 3262 1463 3327 imno

94 3359 261 3437 mosbo-
275 3359 352 3420 bona
367 3360 461 3423 'siurul
484 3369 516 3422 et
535 3362 619 3422 mala
633 3362 799 3440 dispenset?
822 3369 851 3423 ot
873 3380 942 3422 caso
964 3363 1028 3438 regi
1050 3362 1113 3423 baec
1135 3364 1243 3439 putas?

54 3479 86 3517 ιο
165 3481 339 3521 arrremrs.
376 3461 441 3522 Non
464 3481 549 3532 casu,
572 3482 640 3522 nam
662 3464 831 3540 opinionem
854 3482 918 3523 cam
942 3462 1069 3524 excludit
1091 3463 1202 3542 religio.

163 3582 319 3624 warvria„
357 3565 394 3622 At
414 3563 556 3641 religione
577 3566 601 3625 si
624 3572 652 3623 te
675 3564 710 3625 ad
733 3570 851 3642 tempus
873 3563 965 3625 solvat
986 3566 1066 3644 quis,
1090 3584 1160 3626 num
1183 3565 1240 3626 boc
1262 3566 1290 3625 ia
1312 3584 1395 3625 men·

92 3673 157 3725 tem
181 3665 294 3723 reniet?

161 3785 335 3825 avarems.
372 3767 408 3826 ,n
429 3764 501 3826 solvi
524 3784 588 3827 non.
605 3767 698 3828 decet.
1403 3786 1462 3836 §.rc

161 3887 317 3928 rearrsa.
355 3866 511 3945 Responde
534 3888 569 3927 ex
592 3868 734 3945 religione
757 3870 844 3946 igitur
866 3868 953 3937 nrrlri,
982 3871 1048 3947 quis
1075 3869 1123 3930 dat
1151 3869 1227 3931 bone
1250 3867 1395 3929 cimela?

55 3986 85 4026 a
163 3986 339 4029 errrrnvs
377 3967 423 4028 'lo
442 3969 564 4046 qrridem
583 3969 655 4039 des,
684 3969 736 4031 sed
759 3979 788 4030 te
811 3970 980 4031 moderatur
1003 3971 1089 4039 deus,
1120 3987 1175 4030 nec
1197 3971 1267 4029 dare
1290 3977 1322 4029 tu
1344 3977 1395 4030 aut

92 4070 215 4130 arderre
239 4070 294 4128 nisi
317 4067 366 4128 illo
388 4071 576 4147 permittente
597 4073 754 4150 quicquam
777 4079 871 4149 potes.

160 4190 316 4231 scomma.
355 4169 413 4229 Cor
436 4171 524 4248 igitur
546 4173 596 4250 cpri
620 4171 764 4249 gubernat
787 4186 887 4243 casus,
918 4192 976 4233 non
1000 4175 1037 4233 ita
1060 4171 1124 4232 illos
1147 4171 1331 4238 moderatur,
1361 4178 1393 4230 ut

91 4291 132 4333 ne
156 4271 314 4349 indignitas
337 4269 393 4330 olle
416 4272 469 4331 sit?
519 4306 522 4310 -
1286 4280 1287 4284 ¹

159 4392 336 4434 avrrsm's.
374 4371 476 4450 Neque
500 4391 564 4433 esse
586 4373 674 4435 ullam
698 4374 864 4437 dicendum⁴

54 4494 83 4534 rc
160 4492 319 4536 ronanus.
357 4472 469 4533 Ullam?
492 4482 522 4535 et
543 4474 676 4536 scelerati
698 4477 800 4555 divites
822 4482 872 4536 aut
894 4482 974 4539 certe
996 4477 1080 4534 otiosi
1101 4494 1136 4535 ac
1151 4473 1266 4535 inutiles
1280 4481 1392 4546 tantem

161 4675 182 4707 ²⁴
201 4676 329 4741 religone
349 4679 373 4725 1.
394 4675 539 4742 religione
557 4680 629 4728 2...4.
