3232 5422
312 383 360 432 xl.
430 397 592 432 runcones.
663 399 802 433 oratocvs
823 398 1008 433 uvrrsnrcvs.
1034 381 1129 446 (tato.)
1280 368 1352 440 395

62 561 96 612 ut
115 570 191 613 nore
213 571 246 612 se
268 553 408 620 vestiant,
431 569 501 612 cum
522 557 635 611 mentes
657 551 809 612 hominum
832 559 861 611 et
883 553 1073 628 cogitationes
1095 554 1166 613 sciat
1189 552 1276 622 deus,
1300 570 1356 613 noc

62 661 199 731 oporteat
221 652 307 729 aliam
330 653 393 714 lieri
416 653 493 712 inter
514 652 649 712 nomines
678 654 891 722 ostensionem,
921 670 1009 732 quam
1039 672 1074 713 ex
1098 653 1183 714 bonis
1205 652 1354 731 operibus,

62 774 130 834 quae
144 763 189 815 est
203 755 284 816 nulla
299 773 367 816 cum
389 754 574 814 affectatione
596 753 688 824 lacta,
711 754 764 815 sed
786 759 818 815 ut
840 756 870 814 in
893 753 1060 833 exemplum
1082 754 1130 814 illa
1154 755 1273 832 cedant4;
1297 757 1356 816 sive

62 855 147 925 mali,
171 863 279 935 quanta
302 864 346 917 est
368 857 513 933 pernicies
535 857 577 917 sic
599 857 765 916 conversari
788 855 971 926 hominibus,
1001 863 1031 917 et
1052 859 1180 935 optimus
1202 864 1357 918 conseatur

35 959 114 1035 equi
136 959 203 1018 sirit
224 959 371 1037 pessime?
753 939 762 959 ’

126 1078 300 1137 nvrrnnps.
337 1058 410 1120 Rem
432 1066 523 1119 tenes.
547 1058 600 1119 sed
615 1077 682 1119 cum
704 1058 1030 1136 alioqui'diversissime
1052 1060 1147 1120 vivant
1168 1067 1212 1120 tot
1226 1062 1344 1122 ordines
1358 1071 1424 1121 §.¹⁴⁴-

61 1169 279 1239 teneanturque
301 1160 485 1221 aemulatione
508 1162 632 1221 invicem
654 1161 797 1220 acerrima
820 1178 854 1220 ae
876 1160 950 1221 odiis
971 1179 1005 1222 se
1027 1169 1056 1222 et
1077 1160 1273 1222 simultatibus
1296 1162 1355 1222 col-

61 1261 208 1332 lacerent,
231 1264 289 1323 scis
311 1263 381 1342 quid
402 1261 522 1322 tandem
545 1262 698 1322 conveniat
719 1260 806 1321 simul
828 1262 983 1324 omnibus?

127 1384 327 1426 mucrscvs.
364 1364 450 1424 llaud
477 1380 624 1442 quaquam
651 1363 728 1430 scio,
757 1380 853 1441 neque
882 1366 1039 1424 convenire
1067 1363 1173 1444 aliquid
1207 1368 1356 1428 existimo:

31 1467 104 1524 mita
127 1448 238 1543 ubique
260 1465 442 1543 discrepant,
466 1465 533 1525 data
555 1463 677 1543 singulis
699 1481 790 1541 opera
812 1482 849 1525 ne
872 1465 941 1543 quid
964 1484 1120 1528 commune
1142 1466 1358 1552 12033522tfg¹2l⁰t⁰¹

65 1585 134 1627 cum
157 1568 220 1627 aliis
241 1567 369 1628 habeant
390 1574 442 1627 aut
462 1567 585 1634 iaciant,
610 1573 720 1635 vestes,
743 1566 877 1636 aeditlcia,
908 1569 1081 1638 conciones,
1111 1586 1211 1639 sacra,
1240 1588 1355 1647 preces,

65 1677 258 1738 concentum,
282 1669 472 1729 ceremonias
495 1676 524 1729 et
544 1666 797 1744 gesticulationes
824 1669 937 1729 omneis
964 1668 1093 1730 breviter
1115 1680 1198 1731 actus
1221 1678 1250 1732 et
1271 1673 1354 1735 ritus.

128 1790 302 1832 armanus.
340 1771 373 1831 ln
395 1769 459 1830 aliis
473 1771 512 1830 ita
529 1769 631 1838 habet,
654 1770 684 1828 in
700 1769 758 1829 hoe
773 1787 843 1829 voro
858 1772 1035 1831 unanimiter
1050 1772 1241 1843 concordant,
1265 1775 1344 1851 quod
1356 1782 1424 1832 §.tta

66 1870 154 1932 reluti
181 1872 308 1950 quadam
336 1873 466 1933 destituta
494 1871 551 1932 sihi
579 1872 781 1932 coniuratione
804 1869 897 1932 bonas
919 1870 1017 1933 literas
1040 1879 1070 1932 et
1090 1872 1152 1934 illa·
1175 1874 1182 1944 Ι
1204 1873 1358 1951 mallim

33 1985 133 2032 tarum
156 1977 266 2050 peritos
288 1974 355 2035 odio
378 1981 407 2034 et
428 1972 591 2034 intensione
619 1978 852 2052 persequuntur,
884 1973 913 2032 in
942 1980 1055 2033 tantum
1084 1981 1116 2033 ut
1141 1975 1197 2035 iam
1228 1978 1265 2037 de
1293 1977 1357 2039 aliis

68 2064 151 2135 nette
172 2074 228 2136 sihi
250 2076 371 2145 cedant,
394 2075 465 2135 dum
487 2075 926 2153 pertinacissime-consentiant
948 2075 1010 2135 hic:
1033 2093 1102 2137 nam
1123 2074 1219 2137 solum
1242 2085 1287 2139 est
1300 2079 1358 2141 hoc

70 2178 216 2245 omnium,
231 2179 269 2237 >in
292 2195 351 2256 quo
373 2177 451 2242 idem
473 2176 521 2236 isti
540 2174 662 2245 nolunt,
685 2177 763 2237 idem
784 2176 893 2238 volunt.

129 2298 331 2340 rememoro.
368 2278 444 2339 Hine
465 2276 512 2337 illa
536 2282 607 2353 puto
629 2278 658 2336 in
681 2276 843 2338 Lutlrerum
866 2280 1051 2357 conspiratio.
1186 2276 1194 2344 Ι
1217 2305 1241 2340 ιι.
1256 2306 1355 2342 mom..

128 2397 302 2442 moronus.
340 2379 414 2442 Hinc
431 2387 459 2440 et
479 2381 509 2439 in
532 2377 620 2439 alios:
644 2396 712 2440 nam
735 2380 800 2458 quis
821 2386 902 2443 recte
925 2381 1029 2441 doctus
1050 2380 1088 2441 ab
1110 2380 1166 2441 illis
1188 2377 1268 2444 tutus
1284 2386 1426 2444 escleto.

36 2484 64 2525 ²⁰
133 2501 334 2544 rnmcrscvs.
372 2480 417 2544 Ob
440 2482 516 2542 hanc
538 2499 608 2542 reor
628 2479 779 2551 caussam,
802 2483 869 2560 quia
890 2481 1055 2561 periculum
1077 2482 1132 2542 sibi
1154 2490 1213 2554 est,
1236 2484 1287 2546 nbi
1310 2506 1358 2546 ve-

65 2598 134 2645 rum
157 2584 319 2661 praedicant
341 2583 398 2653 illi,
426 2599 464 2644 ne
486 2582 659 2661 redigantur
680 2585 710 2644 in
733 2583 867 2645 ordinem
889 2591 940 2644 aut
961 2602 1066 2662 parum
1089 2583 1212 2646 feliciter
1234 2586 1289 2647 sihi
1311 2607 1358 2648 ee·

63 2683 114 2746 dat
137 2684 324 2745 mendicatio.

129 2805 305 2847 ermenus.
343 2785 388 2847 Ob
416 2786 493 2846 hanc
520 2787 631 2865 ipsam,
661 2793 691 2846 et
720 2789 788 2865 quia
811 2787 983 2848 crassissimi
1005 2805 1072 2850 cum
1095 2789 1167 2856 sint,
1196 2789 1358 2850 doctrinam

53 2884 120 2948 illis
143 2888 274 2948 invident
295 2894 326 2948 et
347 2887 384 2948 de
406 2888 500 2953 doctis
521 2888 707 2967 suspicantur
728 2887 804 2948 male
827 2887 972 2949 omnihus
1184 2901 1191 2970 Ι
1213 2888 1354 2965 ,ξζῇξξςξῗ

5 2985 39 3030 ²³
131 3008 334 3052 rememora.
371 2989 438 3050 Non
460 2990 582 3050 iniuria:
605 3006 672 3049 nam
695 2988 786 3051 literae
809 2991 943 3058 fuerunt,
971 3007 1025 3067 per
1042 3008 1121 3068 *quas
1141 2990 1264 3068 resipuit
1286 2998 1358 3052 torn·

49 3097 180 3166 pestate
202 3089 258 3150 lrac
279 3091 447 3152 Germania.
1140 3075 1142 3079 ’

130 3212 304 3254 nvrrnnvs.
343 3193 484 3253 fuerunt.

129 3313 333 3356 enascmcvs.
371 3294 465 3372 Atque
489 3293 590 3354 eadem
615 3301 716 3361 erunt,
741 3302 825 3372 puto,
850 3313 915 3373 quae
938 3294 1057 3355 esitium
1080 3292 1135 3354 illis
1158 3293 1301 3355 adferent.

130 3415 305 3458 nvrrunvs.
342 3395 469 3464 Eadem,
494 3396 735 3456 commonefactis
758 3396 839 3456 vobis
862 3414 900 3456 ne
922 3403 990 3474 post
1011 3396 1067 3455 hac
1088 3415 1176 3457 aures
1190 3397 1427 3474 praebeatistatt.

5 3497 36 3538 ἢ
51 3497 265 3575 parasitastris
292 3497 493 3577 adtemperato
515 3498 612 3557 omnia
634 3496 823 3575 loquentibus
843 3491 880 3558 'et
902 3498 1090 3567 iacientium,
1115 3497 1185 3558 ditm
1208 3501 1215 3571 Ι
1237 3498 1353 3576 ἱξζξζζῗῑή

50 3616 95 3660 sc
120 3605 264 3675 augeant,
288 3616 339 3658 vos
361 3598 536 3677 compilent,
559 3600 607 3677 pia
629 3600 768 3659 intentata
790 3600 904 3661 fraude.
928 3625 934 3635 ·
1276 3592 1280 3596 ’

129 3719 332 3762 rnancrscvs.
369 3700 422 3760 Est
442 3700 578 3778 quaedam
600 3701 689 3778 igitur
712 3703 869 3778 piaotiam
893 3702 992 3762 transt
1238 3719 1289 3788 pn.
1302 3725 1359 3761 rra..

130 3821 305 3864 nvrrnnva.
344 3800 388 3861 llli
415 3820 480 3863 esse
508 3802 626 3871 dicunt,
655 3820 756 3863 rerum
778 3810 881 3862 natura
910 3808 1011 3880 negat,
1040 3810 1069 3863 et
1096 3804 1256 3865 detestatur
1278 3804 1361 3871 deus,

60 3906 117 3984 qtri
141 3904 270 3964 veritatis
298 3904 506 3981 praedicatione
534 3905 639 3965 adsui
662 3903 772 3965 cultum
795 3906 923 3966 excitare
946 3923 1039 3982 genus
1061 3905 1223 3966 humanum
1246 3908 1253 3975 Ι
1278 3923 1360 3958 verius.

5 3999 41 4047 ¹⁶
64 4004 175 4073 voluit,
199 4005 359 4065 mendaciis
382 4012 411 4066 et
433 4004 599 4066 fictionibus
621 4024 680 4064 non
704 4005 802 4065 voluit.

130 4125 331 4169 rnancrscrs.
369 4107 462 4185 Igitur
476 4108 624 4168 eliciamus
639 4124 777 4185 perverse
799 4106 953 4185 religiosos
976 4109 1054 4176 istos,
1077 4114 1111 4166 nt
1132 4105 1214 4167 locus
1237 4104 1349 4187 Ιῖᾓξζξζξζ
1362 4113 1429 4162 §.¹⁴⁸-

62 4209 104 4267 sit
126 4226 203 4267 verae
226 4209 324 4285 [rietati
347 4215 376 4269 et
398 4209 504 4268 modus
526 4209 575 4269 stat
596 4210 732 4287 pessimae
754 4208 871 4267 tandem
884 4209 1084 4286 v-rapiuatioui:
1114 4208 1177 4268 lieri
1200 4208 1278 4267 enim
1300 4225 1361 4265 nou

64 4315 180 4386 potest,
204 4316 346 4387 qnantum
369 4309 513 4388 intelligo,
537 4317 570 4370 ut
591 4313 620 4371 in
643 4309 746 4370 melius
761 4311 932 4370 restituatur
948 4309 1114 4377 Germania,
1136 4323 1146 4393 p
1167 4305 1361 4384 ffgffitfflssft·

67 4411 121 4469 uisi
155 4411 191 4469 ad
226 4429 370 4471 summam
401 4413 576 4489 paucitatem
605 4411 730 4471 redactis
757 4411 974 4481 sacerdotibus,
1002 4411 1155 4471 monachis
1183 4427 1253 4470 vero
1280 4410 1362 4486 peni·

5 4509 51 4555 *ὓ
67 4518 115 4571 tus
144 4513 253 4581 diam,
279 4519 312 4573 nt
340 4520 371 4573 tu
393 4512 514 4582 suades,
538 4512 661 4573 abolitis.
700 4511 732 4572 ld
754 4512 834 4589 quod
856 4530 916 4573 non
938 4512 1067 4573 desinam
1091 4510 1192 4573 sedulo
1215 4509 1363 4570 inculcare

68 4633 134 4673 meo
158 4613 279 4683 Carolo,
303 4632 361 4693 qtro
384 4632 421 4675 ne
438 4616 564 4692 patiatur
582 4620 624 4674 tot
646 4614 694 4673 liic
716 4614 832 4674 ociosos
854 4614 988 4675 homines
1011 4632 1126 4675 annona
1150 4629 1272 4695 gravare
1287 4612 1362 4672 Ger·

68 4732 203 4775 maniam.
