3210 5416
232 408 305 480 596
550 430 553 438 ”
627 435 630 447 .
672 433 789 468 nramcr
810 428 1081 467 rsevnouvrrsxtcr.

231 599 290 658 cio,
314 597 346 651 iis
370 595 420 650 beo
444 593 616 654 munerilius;
641 592 704 664 quin
727 600 755 646 et
777 606 889 645 veneanr
908 590 1017 649 tribuo,
1039 598 1068 644 et
1089 591 1250 661 anegmmn.
1276 596 1303 641 et
1320 587 1521 660 pentesirineou‚

233 690 262 739 et
284 681 307 736 si
331 694 391 754 quae
413 687 477 733 sunt
499 679 532 733 iis
554 678 634 732 ctiam
656 675 807 731 crudeliora
829 675 984 730 carnilleum
1008 675 1197 728 instrumenta.

178 775 224 821 §.t
298 765 482 820 lluttenus.
520 761 605 816 Alteri
627 761 734 815 ‹teter-is
757 760 805 815 lias
828 760 979 820 mercedes.
1003 775 1060 813 non
1081 758 1154 813 milii.
1196 778 1198 784 ⁴

212 892 217 901 .
298 849 449 904 Veritas.
487 848 543 902 lmo
565 854 592 901 et
616 845 674 900 tihi.
1109 866 1110 869 ¹

296 934 482 988 lluttenus.
519 932 553 984 At
575 948 627 1002 ego
650 930 778 1002 recipiam
802 945 979 1002 nequaquam.

223 1075 227 1085 ,
298 1018 450 1072 Veritas.
488 1015 557 1082 Quiil
580 1016 602 1068 si
625 1023 652 1069 te
673 1013 852 1087 compulere?

230 1125 234 1132 ·
302 1102 487 1156 lluttenus.
524 1098 582 1155 llon
605 1116 647 1154 me
670 1096 832 1171 compelles,
857 1097 926 1152 liter
948 1115 1016 1151 sum.

301 1185 449 1240 Veritas.
487 1184 575 1238 Audes
599 1183 684 1256 igitur
705 1181 839 1256 repellere
862 1199 959 1237 nomen
982 1191 1008 1236 et
1032 1181 1129 1236 lamam
1153 1179 1352 1235 inmortalem?

302 1267 486 1324 llutteuus.
524 1267 612 1322 llclim
634 1284 734 1323 carere
750 1267 799 1322 liae
822 1266 918 1338 gloria.

301 1353 451 1408 Veritas.
489 1352 610 1425 Recipies
634 1352 707 1413 scio,
730 1352 787 1407 scio
810 1352 935 1425 recipies.

302 1438 484 1493 lluttcnus.
521 1436 703 1509 Nequaquam.

197 1565 228 1575 ..
304 1520 452 1577 Veritus.
489 1521 544 1582 nn,
568 1520 627 1575 sine
649 1536 711 1593 quo
728 1519 835 1594 palpem
857 1528 940 1594 atque
962 1519 1088 1576 deliniam
1111 1528 1138 1574 te
1160 1519 1307 1574 modicum.

302 1606 486 1661 lluttenus.
525 1604 551 1660 Si
574 1622 639 1678 spes
661 1613 734 1660 esset
756 1604 899 1678 ilepulsum
923 1606 955 1659 iri
978 1606 1093 1678 patriani
1116 1604 1287 1658 servitutem.

263 1704 265 1707 ’
289 1690 450 1750 ,Veritas¹
487 1689 619 1744 Prorsus:
643 1705 704 1744 nam
728 1688 753 1743 iel
778 1690 804 1743 in
827 1690 968 1762 procinctu
986 1698 1043 1749 est.
1067 1689 1147 1744 morlo
1164 1687 1266 1761 pusillo
1282 1687 1377 1742 animo
1394 1704 1427 1741 ne
1443 1685 1526 1740 lucris.

301 1774 489 1830 llutteuus.
526 1774 591 1828 Cum
613 1772 685 1829 mula
708 1774 829 1846 peperit.
853 1773 893 1828 vel
916 1774 948 1830 ad
971 1773 1077 1828 Graecas
1099 1772 1232 1828 calendas.
1533 1782 1550 1820 u

302 1858 453 1915 Veritas.
491 1861 526 1912 Αι
548 1875 608 1931 quse
627 1859 736 1931 l'opyre
759 1856 868 1930 peperit
890 1857 978 1919 mula.
1002 1866 1137 1931 putasne
1160 1858 1283 1930 paritura
1306 1858 1344 1912 sit
1367 1865 1395 1910 et
1419 1855 1484 1910 tibi?

302 1943 487 1999 Huttenus.
525 1942 586 2002 Scio
609 1943 745 2014 quondam
768 1940 877 1998 Galbam
900 1943 990 1998 lloinae
1013 1959 1056 1997 res
1078 1958 1161 1996 novas
1183 1941 1344 1996 molientem
1376 1940 1468 2014 plnres
1494 1938 1527 1992 ni·
1598 1986 1600 1996 .

239 2026 277 2084 lril
301 2044 378 2101 mque
400 2026 576 2083 confirmasse
606 2035 637 2081 ut
666 2025 747 2081 mulae
777 2035 900 2100 partum:
929 2044 1020 2081 verum
1044 2026 1126 2081 altius
1148 2025 1313 2080 irrolioravit
1338 2025 1397 2080 luec
1419 2024 1526 2079 servitus

239 2126 320 2186 quam
342 2120 373 2167 ut
394 2110 493 2185 ‹lepelli
516 2111 620 2184 possit,
643 2110 784 2184 pluraque
807 2112 887 2166 ctiam
910 2119 1065 2167 nostrarum
1087 2126 1179 2166 rerum
1201 2109 1349 2182 desperata
1373 2118 1445 2165 mint.

183 2209 229 2257 ps.
304 2196 449 2252 Veritas.
486 2195 544 2251 Non
568 2195 618 2256 ita,
642 2194 765 2251 obsecro.
1532 2205 1551 2242 u

304 2281 487 2336 lluttenus.
524 2278 584 2335 Non
605 2279 679 2334 vides
703 2288 733 2334 ut
756 2280 855 2353 passini
880 2280 1004 2335 obtinent
1027 2280 1116 2335 omnia
1138 2279 1289 2338 Curtisani,
1314 2287 1346 2332 ut
1371 2278 1527 2333 admotam·

194 2377 196 2381 ’
240 2365 294 2420 sica
318 2364 390 2420 onani
414 2372 441 2418 et
464 2362 589 2436 ampullis
613 2363 758 2426 iullantur',
782 2365 925 2437 ridentque
948 2381 998 2419 nos
1020 2364 1119 2418 etiam?
1148 2380 1197 2418 nec
1220 2364 1288 2417 satis
1311 2371 1356 2417 est
1387 2363 1526 2417 eviscerare

239 2456 267 2504 et
288 2449 442 2510 excoriare,
460 2448 516 2513 nisi
540 2448 620 2503 etiam
643 2448 746 2522 apertis
767 2449 905 2503 cachinnis
922 2466 971 2504 nos
987 2448 1162 2503 subsannent.
1208 2448 1320 2503 Accedit
1344 2447 1419 2519 vulgi
1442 2461 1527 2518 super·

240 2532 332 2594 stitio,
356 2532 428 2605 quod
452 2532 534 2587 toties
558 2531 640 2587 ictum
663 2532 777 2588 necdum
800 2533 884 2606 sapit:
909 2541 964 2591 tum
986 2532 1071 2588 inulta
1093 2532 1224 2588 hactenus
1240 2531 1316 2586 ultro
1332 2531 1461 2604 citroque
1475 2537 1525 2583 scta

240 2627 319 2679 sunt,
343 2625 370 2672 et
393 2616 504 2689 Tyresic
526 2615 624 2672 caecius
647 2626 697 2672 cst.
993 2636 995 2639 ¹
1454 2654 1461 2668 .
1532 2627 1551 2663 s
1600 2612 1601 2616 ’

184 2705 231 2754 §.tu
307 2701 456 2757 Veritas.
493 2699 617 2755 Christus
641 2708 667 2756 te
690 2710 774 2761 amet,
798 2701 932 2763 l‘luttene‚
958 2701 1004 2774 qui
1028 2709 1149 2757 nostram
1172 2701 1310 2756 miseriam
1328 2701 1465 2774 respiciet,
1487 2714 1526 2752 ue

242 2803 295 2860 quc
317 2786 439 2860 patietur
461 2784 533 2840 ultra
555 2785 688 2840 dominari
712 2785 791 2841 nobis
815 2786 861 2860 qui
883 2786 1000 2841 oilorunt
1024 2803 1083 2841 nos.

304 2871 489 2941 llutteuus.
526 2869 608 2943 Atqui
632 2869 664 2924 aul
687 2887 820 2925 summum
844 2870 960 2926 excrevit
983 2871 1077 2926 lastus.

304 2955 455 3011 Veritas.
492 2954 529 3009 Eo
552 2953 638 3027 magis
661 2971 691 3009 ac
714 2955 799 3026 magis
822 2956 955 3027 agentium
980 2954 1118 3016 consulte,
1147 2971 1181 3009 ne
1205 2954 1269 3027 quid
1295 2962 1401 3009 temere
1423 2952 1462 3007 vel
1485 2952 1524 3005 im·

240 3041 405 3113 prudenter:
429 3039 532 3094 tanlius
554 3037 716 3094 ambulando
738 3039 819 3095 etiam
843 3038 953 3111 longum
977 3039 1029 3094 iter
1051 3038 1204 3112 perficitur:
1228 3039 1434 3112 quill-usquam
1451 3038 1474 3092 in
1489 3046 1549 3089 rete

242 3124 293 3181 lius
315 3123 470 3180 mortalium
493 3123 598 3179 lirinum
620 3141 651 3178 ac
672 3121 770 3178 stabile
793 3124 866 3196 quod
888 3124 1091 3196 praecipitatur?

186 3211 230 3260 tr.
306 3208 488 3263 lluttcnus.
526 3207 637 3266 luteriut
652 3225 705 3279 ego
722 3206 873 3265 inexilium
889 3207 1017 3280 sulegon.
1039 3207 1167 3276 eximior,
1191 3208 1373 3281 proscribor,
1396 3208 1523 3262 ileroreor.

306 3292 454 3346 Veritas.
492 3293 513 3345 t
536 3292 635 3364 quibus
660 3290 767 3346 taiiiou‘l

306 3375 491 3430 lluttenus.
530 3375 745 3431 nllornanistis.

306 3459 452 3522 Veritas.
490 3457 583 3514 vines·
606 3476 648 3515 me
670 3458 852 3522 exoculatam,
876 3462 1037 3523 sauciatam,
1061 3460 1278 3517 claudicantem?
1529 3469 1546 3507 ὕ

311 3724 319 3758 ¹
344 3720 471 3788 reusam]
495 3739 587 3773 omues.
613 3741 646 3774 uu
664 3708 818 3776 vencnuml
842 3730 893 3776 sice
920 3732 970 3778 υιιιι
993 3730 1179 3777 instrumentum
1203 3729 1240 3776 ad
1261 3744 1341 3776 oenus
1371 3723 1521 3776 incidendas?

242 3806 398 3875 unogoeum]
418 3799 566 3872 α’νώγειον,
586 3809 795 3859 instrumentum
809 3817 1006 3876 stupratcrram
1021 3811 1141 3865 clevans,
1161 3811 1249 3869 lurcu,
1270 3813 1426 3876 suspensio.
1468 3821 1519 3873 pen·

241 3895 406 3944 tlrisiriucon
424 3909 516 3943 omncs.
535 3886 767 3959 πεντεσύριγγον,
787 3894 1035 3961 lignum‘quinquo
1059 3895 1195 3945 foramina
1214 3909 1236 3943 s.
1250 3893 1362 3945 fistulas
1379 3896 1477 3944 habens
1492 3886 1519 3936 ad

241 3979 421 4029 includendos
436 3976 537 4043 pedes,
557 3987 653 4026 munus
673 3984 700 4027 ot
719 3973 837 4029 collum..
848 3980 884 4028 cl.
897 3980 1036 4045 Aristoph.
1050 3980 1133 4043 equit.
1150 3977 1223 4027 totu.
1279 3977 1300 4011 ¹⁵
1318 3995 1380 4029 curn
1399 3977 1467 4027 nrnln
1483 3988 1519 4038 pe·

240 4061 323 4128 perit]
344 4053 433 4112 ἐπεὰν
450 4054 566 4128 ἡμίονοι
584 4057 692 4116 τέκωσι.
712 4064 843 4113 Hercdot.
857 4064 908 4113 Ill.
924 4063 979 4113 tat.
1034 4073 1124 4129 grecas
1138 4066 1161 4112 l.
1200 4054 1244 4111 'ael
1258 4062 1376 4112 Grsecas
1395 4051 1516 4116 calendas]

242 4148 259 4195 i.
275 4162 467 4211 enumquam.
483 4148 519 4196 cf.
533 4147 645 4196 Sueten.
660 4132 759 4196 Oetae.
772 4159 797 4196 c.
810 4146 852 4196 87.
925 4147 945 4180 ¹⁸
967 4150 1082 4212 Zopyro.
1103 4147 1139 4197 cf.
1153 4147 1287 4196 Herodot.
1302 4148 1353 4197 111.
1369 4145 1424 4197 153.
1436 4144 1516 4193 lustin.

241 4230 480 4281 maurentio.
545 4228 677 4296 noun]
697 4231 957 4281 stretontnualbs
977 4232 1038 4282 cr.
1091 4228 1196 4296 uomae]
1215 4232 1266 4281 no.
1282 4235 1305 4280 1.
1365 4231 1386 4264 ¹¹
1405 4231 1515 4279 anuu-

241 4311 310 4378 sice]
330 4314 362 4363 ln
381 4315 516 4364 conviviis
534 4315 680 4364 ludebatur
697 4315 801 4364 infletis
824 4317 926 4367 vesicis
944 4317 1128 4381 parasitorum
1148 4317 1244 4380 cupite
1262 4315 1453 4380 percutiend03
1469 4311 1490 4358 h·
1501 4306 1513 4354 l·

241 4399 343 4447 vesicas
362 4404 391 4447 ot
409 4399 537 4465 ampullis
555 4415 604 4464 pro
622 4400 756 4451 fastuosis
774 4399 1018 4466 sesquipedalibus
1038 4395 1131 4451 rcrbls
1149 4396 1232 4462 (Hor.
1246 4404 1300 4449 ert.
1313 4404 1386 4465 poet
1398 4399 1448 4458 ill.)
1463 4390 1513 4460 pell
1602 4457 1603 4463 ¹

240 4480 376 4550 uidentur.
427 4480 450 4513 ²⁵
467 4483 583 4533 'l‘ireaiae
595 4483 720 4533 Thebani
739 4485 867 4547 coecitas,
886 4486 999 4535 lunonis
1017 4486 1066 4534 irae
1085 4485 1194 4544 debita,
1213 4485 1263 4534 sed
1283 4491 1312 4535 et
1329 4481 1464 4535 divinandi
1478 4491 1511 4543 pu

239 4568 328 4613 testas
347 4580 364 4613 a
382 4566 446 4616 Iove
465 4567 532 4618 datu
550 4569 578 4617 in
591 4570 764 4633 proverbium
778 4569 916 4619 abierunt.
931 4570 967 4619 cf.
982 4572 1078 4637 luqen.
1092 4573 1144 4618 sut.
1159 4569 1262 4618 xuni.
1272 4570 1292 4619 ι’.
1306 4570 1408 4634 Hygin.
1421 4565 1469 4615 lul.
1480 4559 1510 4607 il

240 4645 363 4712 luterpp.
382 4650 417 4698 cil
430 4637 511 4700 Oviu.
524 4652 592 4701 Met.
605 4652 655 4703 Ill.
669 4649 727 4704 323.
816 4653 838 4686 ⁸⁰
860 4651 976 4718 tardius}
1000 4668 1056 4703 una
1074 4664 1111 4702 'ex
1135 4652 1228 4701 miultis
1251 4653 1391 4718 proverbii
1407 4646 1509 4700 ‘Festina

240 4727 323 4778 lente'
344 4732 450 4796 formis,
470 4733 576 4785 σπεῦδε
589 4731 724 4801 βραδέως.
778 4735 799 4768 ³¹
818 4726 947 4788 morreliil
970 4741 992 4786 1.
1174 4736 1176 4738 ’
