3210 5416
173 384 175 387 ’
262 360 335 432 582
508 403 512 409 ·
697 388 816 424 orsuoar
835 385 1105 423 sersaonrrsrsrcr.

325 547 514 624 Lupolalus.
552 547 620 604 ‘Noli
643 547 796 621 transgredi
819 547 949 602 terminos
973 563 1043 620 quos
1063 553 1217 620 posuerant
1238 552 1336 620 patres
1354 547 1412 608 tui.'
1433 543 1539 602 dicitSa

264 637 351 712 piens.
379 652 430 689 nos
458 634 497 689 sic
525 632 686 689 invenimus·
703 640 731 689 et
759 632 909 705 recepimus
937 631 1116 704 amagistris
1138 631 1184 704 qui
1208 631 1325 687 luerunt
1348 639 1414 687 aute
1440 649 1497 694 nos;
1520 640 1541 685 ct
1598 647 1599 651 ’

195 720 349 795 §dl-quare
371 736 437 791 ergo
461 719 583 775 volumus
604 717 794 790 derelinquere
816 733 910 773 eorum
931 716 1082 772 doctrinam
1099 715 1259 784 coelestem?
1284 716 1311 770 Si
1336 715 1422 772 uultis
1436 734 1481 771 ros
1493 717 1542 771 reii-

262 823 324 863 cere
341 802 519 876 Theologiuiu
534 801 740 864 scholasticam,
764 810 791 857 ct
806 801 935 874 logicam,
959 809 988 856 et
1008 801 1236 874 metaphysieam‚
1263 802 1327 874 quis
1352 811 1419 857 tunc
1440 801 1542 874 disputa·

264 891 303 946 bit
325 897 421 945 eontra
443 889 604 944 haereticos?
636 888 697 962 quis
724 894 866 943 convertet
895 886 1000 943 todaos
1027 894 1056 942 et
1077 885 1199 941 Gentiles
1222 886 1255 942 ad
1286 885 1390 943 iidem?
1421 886 1557 959 quomodaa

262 975 393 1031 debemus
416 973 562 1046 praedicare
585 973 617 1028 ad
640 971 781 1046 populum.
805 981 833 1027 ct
854 971 991 1028 resolvere
1013 989 1093 1027 casus
1121 970 1318 1026 conscientiae?
1350 971 1544 1043 similiterque

263 1058 390 1118 deleudet
405 1057 503 1131 Papam
525 1066 552 1113 et
576 1058 736 1113 traditiones
759 1056 912 1118 bominum,
936 1057 959 1111 si
982 1055 1107 1111 volumus
1131 1054 1240 1112 illorum
1265 1056 1402 1112 fantasias
1425 1056 1544 1129 sempera?

265 1145 304 1200 nd
327 1144 416 1199 furcas
438 1160 499 1198 cum
522 1141 576 1199 illis
600 1141 769 1200 ribaldcriisl
797 1159 849 1215 ego
880 1140 941 1196 rolo
963 1141 1058 1215 potius
1081 1141 1120 1196 ire
1142 1140 1176 1201 ad
1206 1141 1316 1213 ignem,
1348 1158 1432 1215 quam
1452 1140 1546 1200 studere

266 1230 293 1284 iu
316 1226 370 1282 illis
392 1227 476 1281 novis.

328 1311 573 1369 lloclrstratus.
610 1311 751 1373 Diabolus,
778 1311 829 1368 hoc
856 1329 909 1384 ego
937 1328 991 1366 non
1014 1309 1108 1366 vellem
1132 1311 1235 1366 lacere:
1265 1328 1320 1384 ego
1350 1310 1417 1367 volo
1443 1326 1567 1385 pugnares

196 1400 317 1472 stupro
340 1397 453 1453 electore
469 1398 569 1453 Sancto
591 1413 678 1471 usque
700 1398 732 1453 ad
749 1399 848 1469 ignem,
872 1396 919 1453 sed
941 1395 1089 1457 exclusive,
1112 1413 1166 1451 non
1189 1394 1333 1457 inclusive,
1359 1397 1395 1451 ba
1412 1396 1502 1452 baba!
1522 1395 1546 1450 lit

247 1481 357 1559 ⁸sciatis
380 1490 484 1544 tuanen.
515 1482 566 1556 ipsi
597 1499 652 1538 uon
681 1483 791 1538 omrriuo
820 1490 921 1554 negant
942 1480 1058 1554 logicam
1079 1490 1109 1535 et
1135 1479 1359 1554 philosophiam.
1391 1481 1440 1536 sed
1461 1481 1546 1540 dunat

266 1567 338 1640 quod
360 1583 412 1622 atos
433 1583 490 1622 uon
512 1567 628 1623 sciamus
651 1566 724 1624 illam
747 1584 836 1623 verani
860 1574 959 1629 amem,
980 1574 1011 1623 et
1032 1565 1164 1622 hacteuus
1185 1564 1255 1620 nilril
1278 1565 1430 1622 docuimus
1444 1566 1493 1621 nisi
1506 1565 1548 1629 aa

266 1653 366 1708 scarias
389 1659 416 1706 et
439 1652 520 1709 tricas
543 1660 571 1708 et
592 1650 791 1713 cavillationes,
819 1669 883 1724 quae
911 1668 965 1707 non
988 1650 1164 1725 reperiuntur
1186 1650 1212 1705 in
1235 1650 1408 1713 Aristotele:
1439 1659 1465 1706 et
1485 1667 1548 1705 veae

267 1736 378 1792 rabilem
400 1734 475 1792 illum
490 1737 601 1793 Petrum
614 1737 649 1793 dc
663 1737 815 1811 Spanlreym
837 1744 865 1792 et
880 1736 1050 1792 Tartaretum
1072 1744 1099 1790 et
1114 1733 1244 1809 Copulata
1268 1743 1298 1790 et
1319 1736 1430 1793 somnia
1445 1735 1569 1793 monia

149 1826 151 1830 ’
197 1821 314 1877 §.tt-illa
337 1821 427 1877 omnia
449 1818 615 1896 perspum‘rt:
637 1822 755 1879 surrexit
778 1824 829 1878 iam
852 1839 924 1878 unus
946 1821 992 1894 qui
1014 1828 1125 1876 vocatur
1147 1819 1290 1893 Philippus
1305 1819 1504 1880 llelancbtlaon,
1522 1820 1548 1874 de

268 1924 322 1980 quo
347 1906 397 1979 ipsi
421 1906 535 1966 multum
559 1916 665 1970 tenant:
695 1906 740 1962 ille
770 1908 835 1963 lecit
857 1924 936 1962 unam
959 1923 1053 1962 novam
1073 1904 1191 1978 logicam
1214 1913 1244 1960 ct
1267 1922 1352 1960 unam
1377 1923 1472 1961 noram
1494 1905 1548 1960 tte

269 1992 395 2053 tonicam,
419 2000 446 2047 ct
467 1992 534 2048 dicit
556 1992 629 2066 quod
651 1993 785 2048 rhetorica
808 1992 846 2047 sit
866 1991 975 2067 dimidia
997 1990 1099 2063 logica,
1123 1999 1151 2045 et
1173 2005 1225 2046 una
1246 1989 1295 2044 sit.
1308 1989 1344 2045 ab
1367 1989 1435 2052 alia.
1456 1998 1484 2047 et
1503 2006 1548 2044 mu·

267 2084 346 2132 tuerat
367 2075 418 2131 sibi
441 2085 536 2134 mutuo
558 2077 704 2151 principia:
728 2077 801 2151 quod
822 2094 875 2149 ego
898 2093 953 2132 nou
973 2074 1108 2148 intelligo.

198 2161 255 2210 lli·
330 2160 518 2234 Lupoldus.
554 2163 671 2229 bichor,
695 2180 749 2218 uon
771 2162 901 2218 credatis:
931 2160 992 2234 quis
1013 2159 1094 2215 uellet
1115 2160 1213 2215 (locere
1234 2157 1301 2214 illos
1326 2161 1442 2216 asinos?
1469 2159 1572 2215 adnoto

266 2246 319 2320 ipsi
341 2246 480 2319 corrigere
495 2246 626 2319 Copulata
648 2255 675 2302 et
698 2247 788 2303 Bricot
809 2255 837 2302 ct
859 2246 1047 2302 Tartaretum‘l
1071 2262 1120 2319 per
1141 2245 1235 2306 ileum.
1258 2244 1314 2301 boc
1336 2255 1415 2301 essct
1438 2243 1549 2318 unapul·

265 2332 331 2387 clera
354 2349 407 2386 res.
452 2332 503 2404 ipsi
527 2331 622 2388 uolunt
644 2349 705 2388 esse
728 2332 830 2394 Graeci.
861 2339 888 2386 et
916 2332 939 2386 si
963 2330 1085 2387 venirent
1108 2330 1139 2386 ad
1163 2339 1261 2385 terram
1285 2340 1412 2387 unctam
1435 2338 1462 2387 et
1482 2330 1549 2385 debc-

192 2475 198 2494 ,
242 2414 328 2471 ‘rent
346 2423 445 2489 petere
468 2433 563 2488 panem
585 2426 700 2491 propter
721 2417 801 2472 ileum
824 2418 850 2472 in
873 2418 967 2472 &mco
991 2414 1030 2470 vel
1061 2415 1091 2469 in·
1116 2414 1237 2476 ludaico.
1267 2424 1335 2474 tuuc
1358 2414 1488 2489 ipsium
1507 2415 1549 2469 sei·

267 2509 342 2562 reat.
366 2508 393 2554 et
416 2499 511 2556 voluat
533 2502 672 2574 corrigere
694 2511 816 2558 nostruin
840 2499 1060 2561 translationem,
1086 2507 1211 2572 tanquam
1234 2500 1335 2555 doctor
1359 2501 1490 2561 Sanctus.
1511 2499 1548 2572 qui

268 2585 321 2641 luit
343 2602 405 2640 vere
427 2594 538 2642 sanctus
560 2586 617 2642 sino
639 2587 737 2649 dubio,
760 2603 816 2642 uon
837 2584 1002 2646 intellexerit
1018 2583 1201 2641 Aristotelem.
1553 2596 1571 2634 a

199 2674 258 2724 §.tt
331 2664 572 2726 Hoclistratus.
609 2671 688 2727 Certe
717 2672 846 2744 magister
875 2678 984 2732 noster,
1012 2687 1065 2742 ego
1095 2667 1189 2725 vellem
1212 2669 1286 2742 quod
1310 2687 1408 2726 serum
1430 2671 1548 2727 diceretis

199 2772 201 2778 ⁴
267 2755 315 2812 sed
337 2755 392 2811 beu
412 2755 465 2811 iam
488 2754 527 2810 illi
549 2756 648 2812 «lecerit
670 2773 718 2812 eos
742 2757 788 2830 aqui
811 2764 876 2812 suut
897 2755 954 2812 nati
977 2753 1098 2816 llebraei.
1128 2762 1156 2809 et
1177 2754 1232 2809 uati
1255 2771 1288 2810 ex
1312 2754 1420 2811 Graecia
1441 2755 1548 2811 homines

267 2840 432 2897 doctissimi:
464 2840 502 2895 illi
528 2850 604 2897 cene
632 2841 739 2915 quando
768 2840 875 2903 volunt,
903 2848 1021 2914 possunt
1043 2839 1082 2895 eis
1105 2838 1172 2894 bone
1195 2839 1341 2894 ostendere
1365 2842 1547 2916 proprietatem

268 2924 432 2998 linguarum.
477 2943 526 2982 vos
547 2927 613 2982 estis
636 2927 687 2981 iarn
711 2926 796 2982 iratus
819 2934 847 2982 ot
867 2932 1028 2981 commotus.
1073 2923 1195 2998 Sequens
1216 2924 1350 2996 magister
1373 2927 1548 2981 nosterSter·

268 3019 326 3071 tor,
355 3013 382 3066 ir
402 3017 464 3083 scyt
486 3012 562 3066 oracla
584 3012 730 3078 varianter,
760 3011 831 3068 sicut
857 3009 925 3066 bene
956 3009 1100 3065 ostenditis
1127 3009 1154 3064 iu
1183 3009 1282 3064 restris
1311 3010 1572 3083 prunlicatiouiltuss

268 3103 297 3151 et
318 3095 430 3151 fortiter
452 3095 575 3151 clamatis
597 3096 630 3152 ad
653 3095 798 3170 populum,
822 3096 897 3169 quod
918 3112 973 3150 non
996 3093 1112 3150 debeant
1132 3093 1243 3149 credere
1258 3093 1352 3150 verbis
1368 3094 1489 3157 lutheri,
1509 3110 1548 3148 nac

268 3179 359 3251 legere
382 3179 455 3237 illius
477 3180 578 3236 libros:
607 3181 710 3238 utinam
740 3180 791 3235 boc
814 3195 908 3235 omncs
931 3181 1052 3255 lacerent
1074 3178 1119 3252 qui
1143 3177 1238 3234 volout
1259 3195 1323 3235 esse
1345 3181 1484 3254 magistri.
1510 3176 1547 3233 sed

268 3273 357 3320 tamen
380 3282 435 3320 non
458 3274 523 3321 sunt
553 3265 652 3328 culosi,
682 3283 731 3321 uec
762 3265 891 3338 qidquam
917 3271 1015 3321 curant
1042 3264 1075 3318 dc
1104 3263 1297 3319 traditionibus
1328 3267 1503 3340 antiquorum
1525 3270 1547 3316 et

269 3349 416 3404 seniorum.
461 3364 534 3406 nunc
556 3350 743 3423 igitur,.bone
766 3351 895 3423 magister
917 3357 1024 3410 noster,
1055 3347 1119 3422 quid
1141 3348 1194 3403 erit
1215 3348 1386 3412 iaciendum,
1417 3358 1449 3407 ut
1470 3346 1547 3423 oppri-

269 3449 371 3487 mamus
394 3431 469 3488 illum
491 3433 665 3490 haereticum?
1552 3445 1570 3483 tt

200 3523 259 3573 §.aa
333 3518 489 3572 Stentor.
529 3518 695 3575 Venerabilis
717 3528 745 3575 ct
766 3519 863 3576 eximie
885 3519 1016 3592 magister
1037 3527 1145 3580 noster.
1174 3534 1265 3575 verum
1297 3527 1356 3580 cst.
1389 3538 1442 3593 ego
1464 3517 1547 3593 pradi-

269 3602 327 3657 cavi
349 3600 514 3675 aliquotiens
536 3613 631 3661 contra
653 3603 716 3660 illos
739 3621 824 3661 novos
840 3603 990 3661 scribentes
1006 3603 1078 3676 quod
1094 3603 1149 3659 sint
1163 3603 1303 3667 haeretici,
1329 3605 1378 3661 sed
1394 3605 1471 3663 video
1485 3601 1545 3676 quod

267 3685 335 3742 nibil
358 3685 486 3760 proficio:
509 3688 561 3761 ipsi
582 3688 747 3762 pertraittunt
768 3707 818 3746 nos
840 3688 956 3745 clamare
978 3697 1006 3743 et
1026 3687 1147 3750 ululare,
1169 3697 1198 3743 et
1220 3686 1405 3746 nibilominus
1428 3689 1545 3767 seminant

267 3789 343 3827 suam
367 3771 511 3837 zizaniam
534 3790 588 3829 non
610 3782 706 3829 curant
727 3774 760 3830 de
782 3773 946 3835 maledictis,
970 3781 998 3829 ct
1020 3772 1092 3829 sicut
1114 3775 1246 3847 scriptum
1267 3781 1311 3830 est
1333 3775 1368 3830 de
1391 3774 1455 3830 tiliis
1476 3769 1543 3827 lsrael

267 3857 297 3913 in
317 3859 456 3931 Aegypto,
487 3859 559 3932 quod
582 3867 683 3931 quanto
706 3861 793 3931 magis
816 3858 1041 3933 opprimebantur
1066 3857 1244 3914 aPharaone
1273 3858 1301 3914 in
1332 3857 1392 3915 luto
1415 3868 1443 3916 et
1464 3858 1567 3913 triana

268 3949 344 3999 tanto
367 3942 454 4016 magis
475 3943 726 4018 multiplicabantur
748 3943 796 4000 illi.
841 3943 874 3999 ut
896 3960 967 4000 nunc
983 3958 1015 3999 so
1029 3944 1124 3999 lescen
1142 3958 1193 4015 spe
1207 3958 1258 3999 aaa
1276 3946 1397 4017 singen,
1421 3946 1474 4000 aad
1488 3941 1541 3997 blei·

336 4209 343 4241 ¹
369 4210 708 4263 cf.1>r0veru.xxn.·28.
784 4208 805 4242 ¹⁵
827 4204 939 4260 Petrum
962 4211 996 4260 de
1021 4210 1176 4275 Spanheym
1201 4211 1330 4274 equidem
1358 4213 1423 4262 novi
1445 4209 1539 4265 nullam,

267 4292 405 4358 ullamque
429 4297 475 4358 qui
497 4296 550 4345 hue
572 4297 714 4361 pertineat
739 4295 878 4345 exstltisse
902 4311 981 4360 nego.
1017 4297 1128 4344 Petrum
1151 4295 1273 4360 Spanum
1296 4311 1319 4345 a.
1333 4296 1367 4346 de
1385 4298 1474 4362 ὃριυο
1494 4297 1537 4343 be·

267 4378 420 4443 Hispanum
438 4380 498 4430 vult
515 4380 712 4450 Hochstrstus,
736 4380 770 4430 de
794 4395 859 4444 quo,
883 4385 914 4429 ut
937 4381 971 4430 do
988 4381 1135 4430 'Partsreto
1152 4385 1181 4429 ct
1199 4380 1233 4429 ds
1252 4380 1398 4445 Copulatis
1417 4388 1445 4431 at
1460 4378 1537 4431 Bricot

268 4462 303 4510 ad
320 4464 390 4527 Epp.
404 4464 436 4513 Ο.
450 4464 483 4514 V.
497 4466 628 4515 dicemus.
681 4466 702 4497 ¹⁶
720 4464 950 4515 Melanchthonis·
960 4465 993 4513 de
1007 4465 1157 4515 Rhetorica
1175 4463 1238 4513 libri
1252 4470 1310 4514 tres
1322 4467 1438 4530 primurn
1449 4463 1535 4531 pradia

267 4551 330 4595 runt
343 4548 547 4615 Vuitteuburgii
561 4568 586 4601 a.
601 4550 672 4601 totu.
686 4551 738 4610 4⁰.;
752 4550 816 4599 libri
829 4551 969 4600 dedicatio
982 4552 1087 4615 scripta
1100 4555 1143 4599 est
1155 4566 1189 4598 m.
1202 4550 1336 4619 Ianuario
1349 4567 1373 4599 a.
1390 4549 1459 4599 1519.
1477 4549 1535 4597 Com·

268 4631 413 4694 pendiurirt
431 4634 594 4686 dialectices
613 4637 684 4685 ratio
702 4636 804 4701 prodiit
815 4635 1024 4700 Vuittenbergae
1039 4650 1063 4685 a.
1079 4633 1150 4684 1520.
1164 4635 1214 4696 d⁰.;
1233 4635 1374 4686 dedicatio
1392 4637 1489 4700 scripte
1504 4633 1534 4679 etl

268 4729 302 4761 m.
315 4715 415 4765 Martio
434 4734 459 4767 a.
477 4717 548 4769 1520.
600 4719 623 4753 ³⁰
640 4720 754 4770 cotonea
773 4726 800 4770 et
818 4721 994 4772 antona-oca.
1046 4718 1068 4752 ⁸⁹
1083 4717 1192 4786 script]
1211 4720 1298 4772 Exod.
1311 4720 1334 4771 l.
1347 4720 1373 4772 t).
1385 4736 1443 4786 sqq.
