3262 5430
317 368 380 418 1111.
450 383 588 443 renovat.
624 382 764 418 orscoovs
784 384 968 421 uerrunrovs.
989 370 1073 433 (tete.)
1246 368 1249 374 ’
1290 355 1338 428 89

37 533 153 596 bumile
175 535 297 614 aliquod
319 543 458 614 stagnum
478 537 653 598 autbertus
676 535 796 599 tentant.
842 557 934 618 quare
956 539 1080 599 multum
1108 547 1268 619 occupatos
1296 541 1339 600 dl·

41 637 111 698 ritas
142 635 211 698 illos
239 636 315 705 dixi,
344 656 399 698 nec
426 639 480 700 sibi
510 646 623 700 tantum
651 641 746 700 rivere
775 658 939 719 magnaque
966 659 1084 719 semper
1117 641 1200 718 copia
1224 642 1338 701 circun-

44 740 136 800 llnere
159 757 266 799 eornm
288 739 339 817 qui
361 758 463 818 opem,
487 743 537 819 qui
559 740 689 801 subsidia
711 747 825 819 petant,
854 743 1017 802 amicorum
1041 749 1070 801 et
1091 743 1337 822 propinquorum,

46 841 122 900 node
145 840 289 920 strepitus
311 847 342 900 et
361 840 504 902 tumultus
526 850 554 902 et
576 841 708 903 molestie
731 843 794 902 vitae
816 843 909 902 maior
932 861 1019 921 quant
1042 844 1099 903 dici
1118 840 1225 922 potest.
1263 856 1406 923 pree-§.ot

35 950 126 1002 daea
149 941 276 1001 multum
299 943 398 1002 timeat
419 944 469 1021 qui
491 942 580 1003 multa
604 943 733 1022 possidet
761 962 882 1004 necesse
905 951 963 1013 est;
991 953 1053 1005 tum
1082 944 1233 1005 subeunda
1261 948 1339 1025 peri·

46 1040 110 1102 cnla
134 1043 214 1101 etin
238 1049 372 1121 apertum
402 1043 559 1115 discrimen
589 1044 719 1121 eundum
746 1047 889 1124 praecipiti
917 1045 1109 1125 quaudoque,
1137 1065 1197 1106 non
1225 1054 1338 1108 tantum

44 1142 96 1203 ubi
116 1142 294 1205 macedum
316 1144 438 1222 aliquid,
461 1146 507 1206 lac
530 1147 606 1205 enim
630 1145 699 1206 nihil
722 1165 843 1207 neccsse
864 1145 919 1207 illis
942 1164 1006 1208 esse
1027 1145 1149 1217 lucrari,
1173 1129 1342 1229 qtranqnanl

42 1244 157 1304 aridius
179 1248 267 1304 nemo
289 1244 421 1306 lucratur
443 1265 530 1325 qnam
554 1248 603 1327 qni
625 1247 750 1326 plurima
775 1248 831 1307 iam
853 1246 984 1308 lucratus
1007 1256 1065 1309 est:
1096 1255 1124 1310 et
1146 1249 1274 1309 Pittacus
1297 1250 1339 1310 di·

41 1365 114 1406 cere
136 1344 264 1415 solebat,
291 1340 462 1426 ἄπληστον
485 1339 571 1409 εἶναι
594 1342 630 1408 cd
653 1341 835 1420 διαπαντὸς
862 1345 995 1428 κέρδοςε
1024 1357 1120 1411 tarnen
1145 1368 1203 1411 non
1227 1356 1339 1411 tanturn

46 1445 295 1509 ubiluerandum
322 1447 445 1528 aliquid,
474 1450 525 1510 sed
554 1448 604 1510 ubi
632 1469 665 1510 ea
694 1468 760 1529 quae
788 1452 845 1510 iarn
868 1449 1015 1511 habentur
1042 1470 1161 1513 servare
1190 1470 1265 1531 opus
1295 1454 1339 1513 in·

40 1548 175 1617 cambit,
207 1548 258 1610 nbi
287 1551 405 1610 inlinitee
432 1552 544 1612 circum
573 1551 700 1620 insidiae,
733 1551 783 1611 nbi
807 1552 916 1613 fraudis
939 1559 1035 1613 metus
1057 1560 1108 1614 aut
1131 1553 1273 1614 violentiae
1295 1555 1338 1613 in·

41 1649 172 1719 cumbe,
201 1650 252 1710 ubi
282 1649 411 1734 latrones
438 1660 532 1722 terra,
561 1654 662 1733 pirata
691 1654 765 1713 mari
787 1653 895 1731 nequid
919 1653 1105 1733 intercipiant
1126 1654 1259 1722 timetur,
1288 1654 1338 1714 ubi

42 1759 134 1811 unctu
156 1753 286 1831 parietes
308 1752 528 1830 perfodiuntur,
551 1753 713 1814 ubimulta
736 1753 883 1814 subtrabit
904 1755 990 1815 inlida
1007 1753 1131 1824 familia,
1154 1762 1242 1816 noctu
1258 1756 1339 1830 iures

47 1852 219 1932 compilant:
242 1872 279 1914 an
302 1862 333 1913 tu
356 1872 484 1934 unquam
500 1855 669 1915 Fuccberos
691 1857 788 1934 quiete
809 1873 945 1916 sonmnm
968 1874 1074 1936 capere
1097 1864 1147 1917 ant
1161 1858 1406 1937 animoessetot.

50 1953 204 2033 tranquillo
227 1963 327 2034 putas,
356 1975 424 2017 curn
446 1958 519 2016 mari
542 1964 620 2018 terra
644 1975 677 2017 nc
700 1956 778 2016 domi
800 1958 1039 2037 prospiciendum
1062 1959 1099 2018 sit
1120 1957 1228 2037 nequid
1250 1958 1339 2018 detri-

48 2057 134 2115 nteuti
156 2058 291 2135 capiant?

106 2176 283 2219 maranus.
321 2159 363 2221 lle
378 2159 553 2230 Fnccberis,
577 2168 609 2220 nt
631 2160 792 2230 dormiant,
814 2160 954 2222 sollicitus
976 2179 1034 2220 non
1057 2178 1140 2229 snm;
1164 2159 1200 2221 de
1216 2178 1263 2222 me
1277 2162 1338 2221 scio

50 2266 187 2334 qnantum
204 2259 328 2338 vigilem,
352 2261 421 2322 dum
445 2262 525 2323 unde
548 2280 676 2340 queram
699 2261 778 2340 qnod
800 2280 920 2323 neccsse
944 2271 987 2322 cst
1008 2263 1149 2342 meditor,
1174 2262 1266 2338 agito,
1290 2280 1354 2321 co-¹

50 2358 120 2432 gito:
144 2360 197 2420 sed
214 2368 248 2421 ut
269 2361 305 2422 de
321 2361 481 2423 Fnccheris
502 2363 605 2432 etiam,
628 2365 917 2442 quiapercontariS,
942 2364 1137 2443 respondeam
1160 2363 1238 2442 quod
1261 2380 1340 2425 nnnc

52 2461 154 2529 undo,
179 2463 227 2522 rix
250 2460 378 2542 unquam
400 2464 530 2524 dormire
553 2466 667 2546 quietos
689 2483 740 2525 eos
761 2464 898 2526 arbitror.

105 2584 265 2625 morene.
302 2563 392 2624 Recte
413 2567 501 2643 igitur
523 2565 664 2627 intellexit
686 2566 742 2625 boc
764 2566 875 2627 Seneca
898 2585 965 2627 cnm
993 2567 1047 2635 ait,
1077 2567 1112 2627 ad
1140 2566 1280 2628 tuendam
1302 2577 1407 2628 exim.

54 2659 163 2725 minua
185 2663 356 2727 felicitatem
378 2665 431 2728 alia
455 2685 531 2747 opus
553 2685 617 2728 esse
640 2667 793 2737 felicitato,
823 2676 852 2728 ct
874 2686 929 2746 pro
952 2670 1022 2747 ipsis
1044 2669 1117 2728 rotis
1138 2675 1204 2728 vola
1226 2686 1339 2728 nuncu·

54 2765 150 2836 tanda
198 2767 358 2844 quinetiam
387 2775 419 2828 nt
447 2769 482 2829 iis
511 2771 561 2847 qni
590 2771 617 2830 in
647 2767 815 2835 altissimam
842 2768 980 2830 arborem
1003 2776 1052 2829 out
1074 2767 1199 2830 sublime
1221 2768 1340 2846 aliquod

53 2864 202 2927 edificium
226 2869 475 2939 conscenderunt,
508 2871 631 2949 pronior
652 2870 720 2930 inde
747 2871 848 2949 lapsus
875 2879 935 2940 est,
964 2872 1006 2931 sic
1035 2871 1132 2930 omnia
1159 2868 1339 2949 locupletum

52 2959 169 3030 ltlo'rnun
195 2972 332 3048 praesenti
354 2969 472 3031 assiduo
500 2972 529 3031 in
557 2970 689 3050 periculo
719 2980 887 3040 versantur,
918 2990 985 3032 cnm
1016 2970 1196 3050 pauperibus
1223 2971 1340 3031 interim

48 3067 122 3130 robis
148 3088 241 3129 nemo
264 3070 347 3133 lacile
362 3073 529 3142 insidiatur,
553 3091 640 3133 nemo
657 3072 766 3134 lurtum
783 3074 852 3134 lacit
872 3081 922 3133 aut
944 3074 1077 3150 rapinam
1094 3055 1229 3140 intentat,
1253 3089 1343 3132 nemo

41 3177 175 3251 unquam
200 3170 311 3232 bellum
334 3174 436 3242 inlert;
467 3182 495 3234 et
523 3176 695 3253 praesentius
723 3192 810 3253 qnam
840 3192 892 3234 vos
914 3172 1116 3252 periclitantur
1138 3171 1178 3234 illi
1202 3173 1289 3251 igitur
1312 3180 1341 3233 et

35 3275 173 3340 lffietent
199 3281 290 3350 agunt
312 3275 475 3335 rarissime:
500 3275 593 3337 vidisti
616 3276 693 3337 enim
716 3276 745 3335 in
768 3277 881 3353 magnis
903 3275 1000 3337 adbuc
1022 3275 1127 3338 divitiis
1149 3273 1339 3352 banqttillum

35 3375 172 3455 cuipiam
197 3391 263 3435 esse
284 3376 392 3437 olium?
1302 3449 1312 3469 .

99 3495 284 3539 nvrrnnvs.
322 3476 531 3538 Sacerdotibus
552 3479 618 3538 vidi.
1349 3484 1408 3535 §.tt

98 3597 264 3641 marana.
302 3578 338 3639 lt
360 3578 513 3640 audiebam
536 3587 670 3657 agentem
694 3579 751 3640 boc
772 3579 868 3640 loram
892 3568 1004 3657 dicere,
1028 3580 1175 3661 podagras
1197 3579 1288 3642 se-ob
1311 3581 1341 3641 id

35 3680 206 3742 muniere
227 3677 287 3746 illis
306 3688 334 3740 et
357 3679 455 3742 lebres
478 3690 508 3741 et
528 3681 648 3742 iscbiam
672 3690 700 3742 et
722 3682 913 3743 articulorum
936 3673 1065 3744 torturus
1087 3691 1116 3743 et
1145 3682 1217 3744 alios
1239 3681 1267 3742 id
1283 3700 1340 3760 ge·
1443 3676 1452 3697 ³

35 3789 90 3843 tus
116 3779 261 3848 morbos;
285 3790 336 3841 aut
358 3781 408 3843 nbi
431 3781 527 3843 morbi
550 3784 619 3843 satis
641 3801 701 3842 non
724 3792 836 3852 esseron
860 3786 1076 3853 contentiones,
1098 3785 1235 3845 invidiam
1254 3791 1289 3843 et
1302 3785 1340 3843 si·

35 3884 199 3950 multatos,
223 3880 330 3960 quibus
350 3890 453 3943 ¹nrntno
476 3903 508 3944 se
530 3892 704 3952 attererent,
728 3886 756 3944 in
780 3893 892 3945 tantum
916 3895 947 3944 nt
969 3887 998 3945 in
1020 3887 1142 3946 summis
1164 3886 1270 3967 opibus
1292 3883 1340 3943 lm·

35 3980 134 4049 titiam
160 4002 222 4044 non
245 3985 299 4043 nisi
322 4002 390 4043 raro
413 3985 570 4046 admodum
595 3994 743 4064 caperent.
787 3992 929 4064 praeterea
960 3987 1130 4047 concubinis
1158 3987 1340 4063 mancipasse
1350 3992 1411 4042 §.bu

35 4100 109 4157 eos,
136 4084 250 4165 quibus
272 4086 301 4144 in
325 4092 436 4145 tantum
459 4086 578 4147 obnoxii
594 4088 737 4155 viverent,
760 4095 793 4146 nt
810 4086 890 4148 nulla
904 4088 1037 4148 videatur
1053 4089 1187 4148 miserior
1202 4093 1253 4146 aut
1268 4086 1342 4145 dura

36 4191 137 4268 tnagis
160 4188 304 4253 servitus:
335 4195 456 4266 proptor
486 4206 535 4248 eas
562 4190 638 4249 eninr
668 4188 818 4267 digladiari
842 4190 920 4268 ipsos
943 4188 1035 4249 multo
1058 4189 1154 4249 acrius
1177 4205 1263 4265 quam
1287 4204 1342 4262 pro

42 4336 251 4351 ψη...

105 4444 119 4476 ⁴
144 4438 265 4505 picem]
287 4454 336 4505 apt
351 4439 427 4490 stou.
442 4440 542 4491 -Ftorit
556 4442 589 4491 X.
604 4442 645 4492 48.
664 4431 817 4508 ’ilnl'qotov
839 4458 871 4491 to
889 4432 1048 4498 docueratis
1070 4433 1180 4503 κέρδος.
1216 4438 1341 4504 Inexple-

49 4522 99 4578 bile
117 4534 163 4578 est
182 4528 299 4577 omnino
317 4524 431 4574 lucrum.
485 4524 504 4557 ²¹
525 4524 643 4591 Seneca]
662 4526 695 4576 de
714 4528 815 4577 brevit.
828 4528 893 4577 vitas
914 4528 952 4589 17,
967 4537 987 4577 t.
1039 4523 1062 4557 ¹²
1080 4541 1143 4575 esse
1156 4523 1302 4574 loelicitete
1316 4528 1342 4574 2.

50 4616 185 4679 etaecqp.
236 4607 259 4643 ’1
279 4616 332 4660 est.
350 4610 435 4660 aiot.
482 4607 504 4642 ²²
523 4611 580 4659 .1·}t
597 4626 677 4676 proes.
691 4616 716 4661 2.
764 4610 949 4663 'bv-idisti&
1000 4608 1340 4672 1’91111111111111111111-

50 4704 198 4757 gementum
218 4695 323 4746 Febris
341 4692 478 4744 soeuudoe.
824 4716 827 4720 1
