3232 5422
215 377 250 426 X.
319 390 444 425 nourron
464 390 614 445 sacvnurs.
685 389 825 424 otacoors
845 389 1030 425 avaramcvs.
1052 373 1138 437 (tam.)
1244 361 1317 432 353

50 565 56 603 ι
80 545 180 605 modis
203 561 348 622 quamque
371 544 481 603 iuilnite
502 543 590 603 banc
618 550 740 619 gravent
767 543 934 602 nationem?
963 549 1052 622 utque
1081 544 1163 603 miris
1189 544 1225 603 ad
1257 536 1320 604 eam

50 665 89 707 em
115 644 410 724 exeogtutisttomae
432 643 545 704 artibus
567 662 626 703 non
648 646 679 704 in
703 644 843 720 pecunias
864 650 977 703 tantum
999 635 1130 713 nostras,
1154 646 1183 704 in
1206 663 1321 722 posses·

51 765 127 807 ones
149 755 179 806 et
207 747 400 824 patrimonia,
430 742 508 824 quod
538 746 607 804 satis
634 763 799 824 superque,
829 745 1012 822 peucetiam
1035 747 1142 806 misere
1165 746 1322 809 dolendum

50 857 106 916 rat,
136 850 264 926 impetus
290 847 375 906 isthic
403 832 477 916 fiat,
497 847 548 907 sed
578 855 607 906 et
634 846 723 925 (quod
750 846 904 907 serendum
933 863 1116 924 nequaquam
1146 854 1205 917 est,
1234 848 1322 907 modo

50 950 188 1009 hristiani
210 967 275 1008 esse
297 939 418 1008 velimus
440 957 469 1008 et
498 949 561 1007 riri
580 965 644 1008 esse
670 947 802 1027 velimus)
830 949 859 1006 in
887 956 986 1030 mores
1014 949 1063 1008 hic
1090 967 1143 1007 no·
1162 948 1173 1017 .Ι
1195 947 1266 1031 223⁰
1277 956 1323 982 ⁰⁰²·

50 1069 106 1110 ros
129 1050 285 1109 sordissima
313 1055 412 1127 serpat
433 1050 635 1127 adepravatis
657 1049 795 1109 Romanae
818 1050 939 1109 civitatis
963 1049 1074 1109 vivendi
1097 1048 1200 1108 ritihus
1223 1056 1322 1109 couta-

50 1154 95 1210 io?
119 1151 156 1210 de
180 1149 425 1228 indulgentiarum
449 1151 600 1219 nundinis,
624 1152 800 1229 gratiarum,
824 1150 1088 1227 dispensationum,
1112 1147 1322 1211 relaxationem
1332 1159 1392 1209 §.t-¹».

50 1251 291 1311 [absolutionum
306 1259 485 1320 mercatura,
509 1270 544 1311 ac
566 1253 644 1311 omni
664 1270 743 1312 nuuc
766 1254 894 1311 exercito
910 1249 1056 1311 bullarum
1073 1269 1123 1328 ge·
1145 1247 1152 1313 l
1175 1249 1325 1336 mm·

50 1370 112 1420 ere,
128 1352 165 1411 de
181 1352 271 1419 dolis,
288 1352 454 1421 fraudibus,
471 1353 598 1421 technis,
616 1354 766 1420 versutiis,
783 1353 865 1421 fuco,
882 1333 1036 1430 decipulis,
1053 1352 1217 1422 calliditate,
1233 1345 1328 1418 laumv

50 1453 246 1532 qcophantiis,
269 1455 406 1532 perfidia,
430 1454 612 1523 infidelitate,
636 1454 789 1531 periuriis,
805 1453 979 1531 sacrilegiis,
996 1453 1171 1524 fictionibus,
1189 1458 1195 1527 Ι
1219 1474 1251 1509 no.
1268 1481 1326 1514 aaa..

50 1554 166 1622 illatiis,
191 1554 357 1623 calumniis,
381 1555 578 1624 coutumeliis,
602 1554 722 1624 malitia,
746 1555 882 1622 audacia,
907 1553 998 1627 ludis,
1021 1553 1172 1624 ludibriis,
1196 1555 1325 1621 luditica·
1377 1536 1380 1543 ,

50 1655 176 1724 ionibus,
202 1657 297 1725 tricis,
322 1656 574 1724 fascinationibus,
599 1656 725 1724 insidiis,
750 1655 930 1723 terroribuS,
946 1656 1046 1722 miniS,
1070 1658 1239 1733 prestigiis,
1263 1658 1325 1718 ihr·

50 1775 81 1824 s,
100 1759 225 1834 rapinis,
242 1756 518 1835 harpagationihus,
541 1757 670 1826 astutiis,
686 1756 793 1836 quibus
809 1755 941 1816 bumano'
955 1757 1056 1831 generi
1072 1757 1227 1833 imponunt
1242 1759 1260 1817 ii
1277 1761 1326 1837 qui

50 1858 165 1918 eclesiae
187 1875 266 1918 nunc
287 1866 388 1919 tenent
410 1858 625 1935 gubernacula?
655 1855 1030 1935 deiude'qucmadmndum
1053 1862 1113 1916 stn-
1136 1871 1147 1941 q
1165 1855 1395 1933 53025·{,·,⁰„g“⁰·§.1a.

50 1965 125 2019 leant
145 1958 200 2028 illi,
231 1972 290 2020 uun
319 1967 352 2019 ut
379 1978 433 2020 nos
462 1960 601 2028 doceant,
631 1959 709 2038 quod
739 1960 945 2037 episcoporum
968 1958 1069 2035 utiquc
1091 1964 1120 2016 et
1142 1959 1326 2021 sacerdotum

50 2068 98 2119 rat
121 2060 265 2126 cilicium,
294 2059 346 2119 sed
369 2067 401 2119 ut
422 2061 559 2138 diripiant
582 2068 611 2120 e?
634 2056 804 2138 compilent,
834 2059 912 2137 quod
935 2078 951 2117 a
973 2059 1104 2136 tyrannis
1126 2061 1216 2118 metui
1238 2061 1327 2131 solet;

50 2178 89 2221 icc
114 2169 147 2220 ut
168 2158 306 2220 meliores
329 2178 382 2241 nos
404 2161 512 2221 iaciant
534 2161 713 2229 erudiendo,
741 2160 793 2221 sed
822 2167 854 2220 ut
882 2159 1025 2237 rapiendo
1053 2161 1219 2220 tenuiores?
1247 2171 1275 2222 et
1297 2171 1329 2222 ut

50 2263 133 2320 mnia
156 2260 258 2320 llomae
280 2261 316 2320 ad
346 2270 488 2339 quaestum
518 2269 728 2341 comparentur
750 2261 852 2331 bodie,
881 2262 981 2339 pietati
1009 2259 1091 2320 locus
1119 2280 1178 2321 non
1207 2260 1329 2346 qssgf‘ffl

50 2363 89 2422 it?
114 2369 205 2440 utque
228 2362 282 2431 ibi,
306 2365 420 2440 quoties
442 2364 509 2422 nori
524 2362 898 2441 adoptanturssardinales,
922 2362 1007 2422 toties
1022 2363 1165 2421 recentcis
1181 2353 1188 2423 l
1203 2361 1329 2439 353235¹³¹¹¹¹

50 2464 198 2524 dornatos
225 2462 280 2522 sihi
308 2463 481 2540 spoliatores
510 2470 539 2523 ct
568 2465 721 2542 predones
743 2465 898 2525 Germania
926 2462 1086 2541 intelligat?
1115 2472 1147 2523 ut
1175 2465 1398 2543 episcopusin.

50 2563 148 2624 tabere
164 2564 400 2625 Germanis‘nou
422 2564 521 2634 liccat,
545 2565 599 2624 nisi
622 2566 671 2643 qui
693 2564 794 2625 Rumae
817 2564 902 2641 pallia
925 2565 1067 2633 emerint,
1096 2583 1168 2643 quo·
1191 2563 1330 2650 tfggssfqffd·

50 2684 102 2725 um
125 2672 225 2724 tamen
248 2665 375 2725 venditio
398 2667 521 2726 auctiori
543 2666 636 2726 indies
659 2666 759 2742 precio
781 2667 985 2743 proponatur?
1008 2674 1039 2726 ut
1061 2672 1253 2743 patronorum
1276 2668 1331 2728 tol-

50 2775 134 2826 antur
156 2767 234 2833 iura,
259 2768 385 2844 antiquis
407 2766 668 2828 consuetudinibus
690 2766 860 2827 intercessio
882 2767 948 2834 liat,
972 2767 1097 2825 nationis
1118 2783 1126 2854 q
1149 2763 1331 2850 fi?2¹⁰53;,⁶„l}3‚⁰‘·

50 2868 124 2927 iuius
148 2865 271 2926 lihcrtas
293 2865 499 2943 conculcetur,
528 2868 695 2945 principum
718 2867 878 2927 authoritas
905 2865 1033 2926 ludibrio
1060 2865 1219 2935 habeatur,
1247 2874 1276 2926 et
1298 2874 1330 2927 ut

50 2966 206 3028 acerdotia
228 2966 277 3027 hic
299 2969 443 3028 maiorum
466 2976 637 3028 nostrorum
660 2967 833 3028 liberalitate
855 2969 984 3027 instituta
1007 2967 1041 3026 iis
1055 2967 1106 3044 qui
1121 2967 1150 3025 iu
1167 2966 1245 3026 ltalia
1262 2974 1330 3027 sunt

50 3068 149 3128 tabere
173 3067 272 3135 liccat,
302 3068 455 3129 uobiscum
479 3068 548 3129 nihil
572 3084 728 3130 commuue
756 3086 881 3147 usquam
910 3069 965 3145 ipsi
993 3067 1137 3128 habeant?
1165 3076 1256 3145 utque
1279 3069 1400 3128 nisce

50 3168 179 3229 mnibus
200 3176 374 3229 occurratur
395 3169 521 3248 publicae
543 3168 687 3239 libertati,
711 3178 740 3230 et
762 3188 796 3230 ea
818 3169 904 3229 toties
926 3171 982 3229 iam
1005 3167 1186 3246 repullulans
1209 3171 1332 3231 coutrita

49 3273 87 3338 it,
113 3270 461 3347 respirans-prefocare,
491 3289 663 3348 remergeps
685 3271 839 3348 depressa,
870 3272 1000 3330 renitens
1023 3287 1167 3348 conquas·
1191 3264 1197 3335 Ι
1220 3268 1332 3345 gaggi?

50 3373 119 3432 ata?
149 3378 183 3428 ut
205 3371 278 3429 mira
302 3379 331 3430 et
352 3372 480 3433 inaudita
503 3371 698 3449 omnilmsque
720 3373 869 3447 incognita
898 3369 1012 3430 saeculis
1034 3357 1214 3449 impudentia
1237 3373 1334 3430 verda·

50 3489 104 3533 um
130 3477 160 3530 et
184 3471 430 3532 condonatiouum
453 3480 600 3533 mercatus
623 3472 670 3532 hic
692 3472 853 3564 habeatur,
870 3479 930 3532 tam
953 3472 1058 3532 creber
1081 3478 1218 3551 tantaque
1241 3474 1334 3549 copia,

52 3583 64 3632 t
96 3574 124 3631 is
156 3570 244 3631 veluti
274 3573 422 3649 quoddam
449 3573 537 3633 hodie
564 3572 704 3633 diluvium
731 3580 821 3633 totam
850 3573 1107 3650 inundetpassinr
1136 3576 1335 3642 Germaniam,

50 3671 117 3735 ulla
143 3670 263 3748 quidem
292 3674 455 3733 animarum
484 3683 652 3736 nostrarum
681 3691 767 3741 cura,
798 3674 850 3734 sed
873 3674 1034 3734 insatianda
1057 3677 1249 3752 pecuniarum
1279 3675 1334 3742 siti,

51 3791 139 3853 eque
171 3779 268 3831 tamen
296 3772 406 3851 largius
435 3774 479 3834 hae
509 3774 565 3834 suh
594 3781 737 3851 praetextu
768 3773 954 3851 benignitatis
982 3776 1214 3852 profundantur,
1247 3792 1334 3852 quam

50 3871 204 3938 rud'eliter
238 3876 547 3955 excommunicationis
576 3874 685 3934 fulmen
716 3877 940 3953 conspergitur?
969 3882 1061 3953 utque
1092 3893 1125 3934 ea
1149 3870 1155 3933 Ι
1179 3872 1335 3948 ξτζῇξῃῗζζζῑ

50 3994 129 4038 oena
154 3974 186 4034 iu
209 3980 321 4033 tantum
344 3977 401 4035 iam
424 3975 550 4035 abusum
572 3977 700 4043 venerit,
723 3983 837 4036 utnon
860 3974 953 4035 'solum
977 3975 1014 4034 ab
1037 3973 1256 4041 innocentibus,
1285 3991 1335 4031 ve-

50 4076 201 4139 umetiam
224 4093 239 4134 a
263 4076 477 4135 nocentissimis
497 4075 665 4152 infligatur?
694 4076 737 4135 hd
761 4076 893 4137 ultimum
917 4076 953 4136 de
976 4075 1071 4134 studio
1086 4073 1403 4140 nonamdecimam.

50 4177 119 4240 uod
137 4194 175 4235 co
190 4174 283 4234 tendit
297 4192 394 4242 omne,
417 4182 450 4234 ut
472 4175 630 4236 addelium
653 4177 757 4236 animis
775 4173 930 4236 'aboleatur
953 4173 1117 4250 evangelica
1141 4170 1148 4238 l
1168 4171 1337 4248 {dlflligfiqlf'

50 4281 168 4343 eritas,
193 4276 281 4354 inque
304 4277 367 4335 eius
389 4275 487 4337 locum
510 4276 620 4337 callidae
642 4278 789 4345 fictiones,
812 4276 963 4336 bominum
987 4272 1216 4340 traditiunculis,
1241 4274 1335 4349 turpis

50 4379 116 4441 reri
139 4376 326 4436 affectatione
349 4373 546 4446 concinnatae,
569 4374 792 4455 supponantur?
815 4382 843 4434 et
866 4374 1113 4453 quemadmodum
1136 4391 1195 4432 nou
1212 4372 1240 4432 id
1256 4390 1334 4450 quae·

50 4486 111 4542 unt
135 4475 269 4539 ecclesia
291 4459 432 4537 antistites
454 4496 546 4565 nurrc,
578 4477 726 4556 quomodo
754 4496 790 4537 ex
813 4476 918 4536 Christi
941 4476 1071 4536 instituto
1100 4475 1196 4533 vivere
1224 4474 1337 4533 discant

50 4581 193 4646 tornines,
223 4577 276 4638 sed
305 4584 338 4636 ut
367 4577 479 4655 perdita
510 4597 563 4638 sna
591 4580 708 4638 avaritia
732 4577 897 4656 expleatur,
927 4594 987 4637 suae
1015 4572 1102 4634 nullis
1123 4575 1255 4633 terminis
1278 4575 1333 4633 cir·

54 4680 246 4756 umscriptae,
277 4677 365 4738 nullis
395 4677 501 4738 linibus
523 4678 680 4756 designate
703 4678 853 4740 ambitioni
884 4695 948 4736 mos
969 4678 1108 4753 geratur?
1138 4674 1179 4735 lle
1202 4674 1261 4744 his,
1290 4674 1403 4736 inum,

101 4781 237 4830 Hvrrmu
252 4779 319 4828 Orr.
334 4794 396 4829 voc.
412 4779 477 4829 1111.
1071 4776 1111 4836 23
1326 4770 1331 4787 v·
