3262 5430
318 110 384 163 1111.
427 123 592 158 rorarunt.
630 122 768 157 nrauouvs
789 122 972 157 nvrruurcvs.
993 105 1075 170 (tulus)
1292 89 1339 161 99

108 298 263 339 ronrvna.
302 278 338 336 m
360 276 398 336 ob
421 277 466 346 id,
491 278 558 355 quia
581 295 635 353 ego
658 276 818 346 distribuo,
841 277 964 352 gratiam
988 275 1106 338 habeut.
1343 288 1410 337 litut.

109 395 286 441 nvrrnnvs.
325 379 370 438 Ob
392 378 482 458 idque
505 378 550 437 isti
571 377 825 438 tibi'maledicuut
847 377 976 447 lusores
999 377 1049 438 ubi
1073 376 1144 437 nibil
1166 379 1294 438 vinermt.

107 501 265 543 couneus.
303 481 340 541 Et
361 488 556 547 mercatores,
580 479 630 540 ubi
654 479 728 539 male
752 480 838 540 cessit
860 481 1049 557 negotiatio*

106 602 285 644 nvrrnuvs.
324 581 359 641 Et
381 598 482 658 reges,
506 581 556 641 ubi
578 580 698 641 bellum.

107 666 265 745 rbnrvuu.
304 682 339 742 Et
361 683 544 752 sacerdotes,
569 683 620 742 ubi
642 680 773 744 simonia.

104 804 283 846 nvnncuns.
322 784 358 844 Et
381 785 555 862 piscatores,
579 784 630 844 ubi
652 791 782 863 captura.
845 804 848 811 ¹

104 906 264 948 ronrvna.
302 885 339 946 Et
357 885 511 945 *Rornanus
533 886 679 964 pontifex,
702 885 751 945 nbi
776 905 809 945 ex
833 883 1019 962 indulgentiis
1042 886 1146 964 parurn
1170 884 1243 945 lucri
1262 895 1318 946 est.

104 1007 284 1048 nvannuvs.
323 987 358 1047 Et
380 1006 451 1065 ego,
475 1006 563 1066 quem
580 1006 653 1047 vcum
675 1001 792 1065 semper
809 989 977 1046 tractaveris
993 987 1164 1064 asperrime,
1188 1004 1266 1047 nunc
1282 977 1416 1050 ola-tuor.¹

55 1089 197 1148 ixissirne
211 1095 344 1148 orantem
360 1087 413 1148 abs
428 1097 466 1159 te,
481 1088 591 1149 bonum
608 1097 641 1148 ut
655 1088 716 1158 des,
733 1087 894 1147 calamitate
909 1088 1005 1147 adbuc
1021 1089 1180 1166 perbmdis.
1215 1088 1342 1149 Proinde
1413 1076 1422 1083 ’

48 1189 125 1251 liud
148 1189 221 1249 milri
244 1190 406 1268 responde,
434 1191 457 1249 si
486 1190 594 1250 iudicio
623 1191 744 1251 ferreris
772 1189 956 1268 baberesque
979 1188 1122 1249 laetorum
1146 1191 1256 1267 pariter
1278 1197 1342 1250 tuo-

49 1309 111 1351 um
138 1298 168 1350 et
191 1290 293 1350 alienae
314 1291 461 1368 dignitatis
484 1293 641 1361 rationem,
672 1290 804 1368 nunquid
833 1289 922 1350 velles
951 1291 1047 1350 omnia
1077 1289 1227 1368 aequaliter
1249 1292 1343 1350 omui·

48 1411 95 1452 ·us
123 1388 319 1462 distribuere,
349 1411 407 1470 quo
429 1410 466 1451 ne
490 1394 555 1471 quis
578 1392 734 1471 conqueri,
758 1392 806 1470 qui
829 1400 880 1451 aut
901 1390 970 1452 boni
993 1391 1154 1469 accepisset
1176 1392 1271 1452 minus
1294 1399 1343 1452 aut

48 1493 110 1553 nali
136 1494 280 1561 nimium,
304 1495 420 1571 posset?

103 1614 265 1656 ronanus.
302 1593 433 1664 Minime,
468 1595 510 1656 sic
539 1597 615 1656 enim
645 1597 727 1655 lieret
755 1602 787 1654 ut
816 1596 941 1654 maxime
968 1600 1222 1672 conquererentur
1244 1594 1413 1664 multiplea.

48 1694 127 1774 quod
157 1714 226 1754 cum
256 1695 404 1773 digniores
432 1695 495 1757 aliis
523 1699 580 1756 sint
607 1696 669 1766 alii,
700 1699 843 1758 rationem
872 1715 919 1756 me
942 1695 1052 1756 habere
1075 1693 1180 1755 vellent
1203 1697 1345 1774 cuiusque

50 1797 162 1868 intutis
185 1803 234 1855 aut
257 1797 336 1866 ritii;'
364 1798 432 1857 inde
462 1806 538 1858 esset
565 1798 686 1867 invidia,
720 1817 806 1859 nemo
834 1800 869 1858 iis
896 1816 961 1876 quae
987 1796 1155 1857 tribuissem
1190 1802 1344 1857 contentus

50 1901 171 1965 iceret,
196 1897 415 1976 clamarentque
437 1898 483 1958 alii
506 1899 641 1976 indignos
664 1919 728 1959 esse
750 1919 782 1959 se
805 1918 879 1977 quos
901 1901 942 1958 sic
964 1897 1121 1966 haberem,
1145 1897 1191 1957 alii
1208 1918 1267 1958 non
1284 1919 1344 1958 me-

50 2001 141 2059 uissc
167 1999 289 2078 eosqui
312 1999 607 2078 bunaaceepisseut;
631 2007 691 2060 tum
716 2009 802 2061 nemo
824 2002 960 2069 serviret,
985 2019 1071 2060 nemo
1087 2007 1270 2077 operaretur,
1294 2000 1345 2060 de-

50 2101 180 2161 idcrent
195 2118 313 2169 omnm,
330 2102 445 2178 negotia
460 2102 737 2162 intermitterentur:
762 2103 827 2181 quis
843 2103 918 2161 enim
934 2101 1093 2180 periclitari
1110 2099 1194 2162 uellet
1209 2103 1232 2161 si
1248 2120 1345 2181 aequa·

48 2207 113 2262 iter
138 2200 278 2261 omnibus
300 2202 404 2263 divitiae
427 2205 542 2263 essent?

109 2322 287 2364 averanus.
325 2303 417 2364 Nimis
445 2304 485 2365 ihi
513 2307 628 2366 curiosa
665 2324 709 2376 οε,
745 2310 846 2365 mutuo
880 2303 1127 2383 obsequeremur,
1162 2316 1413 2384 quamquammu.

48 2405 125 2466 nubit
148 2402 255 2464 melius
277 2404 373 2465 adbuc
395 2407 537 2466 iacturam
559 2414 588 2466 le
611 2408 700 2468 luisse
723 2407 747 2465 si
769 2407 854 2467 bouis
876 2406 953 2466 burra
976 2425 1011 2466 ac
1033 2406 1116 2466 malis
1138 2405 1224 2467 (lares
1252 2406 1345 2474 mala:

48 2525 118 2566 nuc
134 2505 214 2565 enirn
231 2505 459 2585 uniuscuiusque
477 2525 531 2586 per
548 2515 575 2570 te
590 2509 846 2568 manifestarentur
869 2526 982 2576 mores,
1006 2526 1061 2567 nec
1079 2507 1133 2566 iam
1151 2507 1272 2567 dubium
1295 2507 1345 2567 ulli

48 2613 126 2667 esset
148 2606 218 2685 quid
241 2605 278 2667 de
300 2626 417 2687 quoque
439 2609 624 2670 sentiendum
647 2611 699 2679 sit,
723 2608 772 2670 tali
795 2609 894 2670 habito
917 2609 1095 2687 praeiudicio.

112 2728 268 2769 ronrvna.
305 2707 395 2769 Recte
418 2710 475 2779 ais,
497 2710 549 2770 sed
565 2710 622 2770 hoc
638 2718 714 2771 vetat
728 2711 867 2788 luppiter,
891 2727 1067 2788 quemquam
1085 2716 1192 2786 praeter
1207 2726 1238 2768 se
1254 2721 1413 2772 nossemus.

48 2810 203 2869 nominum
227 2816 355 2878 mentes;
385 2811 464 2889 quod
492 2813 516 2871 si
543 2810 646 2872 liceret
672 2813 744 2873 inibi
774 2819 894 2871 catenus
918 2809 1035 2871 crudire
1059 2827 1152 2887 genus
1174 2809 1345 2877 humanum,

48 2913 105 2970 iam
127 2917 241 2971 temere
264 2910 386 2971 cucullis
409 2919 578 2991 tegerentur
600 2916 698 2992 magni
721 2912 803 2973 multi
826 2910 1004 2980 nebulones,
1028 2911 1167 2970 contiuuo
1191 2911 1268 2970 enim
1284 2929 1345 2971 ma·

48 3009 110 3071 lum
132 3010 189 3070 illis
212 3011 413 3081 obverterem,
438 3028 496 3092 quo
519 3033 557 3074 nc
583 3014 683 3075 tallere
705 3013 777 3073 alios
799 3020 967 3090 pergerent.

112 3133 286 3174 uvr'rsuvs.
324 3114 365 3175 De
388 3113 465 3174 malo
488 3114 576 3184 dicis;
606 3115 752 3176 discedam
776 3115 844 3175 binc
866 3114 968 3174 abste
991 3115 1020 3173 in
1044 3121 1192 3190 tempore,
1222 3114 1414 3193 quandomou

51 3220 83 3273 et
105 3212 176 3274 boni
197 3233 340 3294 assequor
362 3215 432 3275 nibil
455 3222 485 3276 et
506 3217 575 3277 mali
596 3217 655 3276 iam
676 3217 778 3293 adcepi
806 3222 919 3275 tantum
947 3222 979 3275 ut
1005 3222 1149 3292 perpetuo
1178 3217 1347 3277 meminisse

48 3313 175 3375 debeam
197 3334 286 3394 quam
308 3318 344 3376 sit
366 3316 530 3378 aFortuna
553 3317 623 3378 nibil
648 3317 871 3395 expectandum.

112 3436 267 3478 ruamus.
305 3416 343 3477 Ut
363 3415 451 3477 voles.

113 3537 288 3579 nvrrnnvs.
327 3519 375 3578 Sic
398 3519 478 3588 rulo,
502 3527 589 3598 atque
611 3521 685 3581 adeo
708 3520 737 3579 in
759 3520 925 3597 proximum
948 3519 1005 3579 boc
1027 3519 1166 3580 sacellum
1189 3518 1414 3583 declinanstnor.

50 3626 239 3679 asematore
262 3619 377 3679 Christo
400 3620 507 3690 orabo,
530 3629 563 3681 ut
584 3623 621 3681 sit
643 3640 725 3683 meus
747 3640 817 3681 sana
840 3622 1018 3698 incorpore
1041 3639 1123 3681 sano.

114 3740 268 3782 coaevus.
308 3720 392 3798 Sapis
413 3721 542 3782 tandem.

52 3897 55 3901 ¹
114 3841 290 3882 uvrrnuvs.
328 3821 393 3882 llleo
417 3842 524 3901 magno
547 3822 633 3883 malo.

114 3941 270 3985 ronnvun.
309 3921 373 3983 Meo
397 3923 550 3985 beneficio.

112 4043 287 4085 nvrrnuvs.
325 4024 490 4085 Beneficio?

112 4145 267 4187 ronrvuu.
307 4124 343 4185 Ut
365 4125 439 4193 dixi,
464 4144 570 4204 magno
594 4126 670 4186 enim
694 4131 829 4186 constare
852 4123 940 4184 debet
959 4129 1038 4182 tanta
1061 4120 1218 4200 sapientia

111 4245 288 4289 nuncnune.
327 4226 403 4303 Age,
427 4243 498 4303 age,
522 4244 560 4287 ne
575 4244 623 4286 me
639 4226 801 4287 istiusmodi
815 4224 966 4284 beneficiis
981 4224 1079 4292 allice;
1101 4223 1198 4302 itaque
1213 4221 1342 4283 discedo.

112 4430 164 4464 Μ’
183 4428 354 4495 desyderent
371 4431 396 4478 2.
409 4444 558 4493 perperam.
598 4424 1023 4492 ”temere1t'rustraproeslaret
1064 4424 1086 4458 ⁸⁴
1105 4426 1148 4476 Ol.
1162 4441 1245 4491 supra
1263 4425 1287 4487 ὅ.
1300 4424 1342 4476 29.

1074 4513 1123 4573 7*
