3210 5416
432 1172 436 1182 '
467 1190 698 1248 nrisruesrro
717 1198 887 1249 necrom.

118 1302 190 1369 uoto
218 1303 316 1358 attinet
338 1304 441 1359 uostris
471 1303 578 1359 suculis
606 1304 832 1378 del‘ytlragorea
855 1305 1080 1378 lletempsychosi
1110 1304 1193 1362 multa
1220 1306 1327 1362 elicere?

29 1387 68 1442 En
92 1387 259 1460 Pythagoreo
283 1387 411 1446 maiorem
434 1387 521 1443 multo
550 1388 721 1446 varietatem:
754 1389 863 1446 Echium
886 1389 935 1445 >hic
965 1390 1049 1444 lralaes
1076 1390 1251 1451 monachum,
1280 1394 1326 1464 epu

30 1471 224 1544 superioribus
247 1472 323 1526 suuis
339 1473 467 1528 Bononiae
483 1487 591 1535 canem,
616 1473 727 1529 Viennae·
740 1473 918 1546 tudpeculum.
943 1474 1049 1547 Lypsiee
1066 1475 1192 1547 pomum.
1216 1476 1331 1531 illicinae

17 1555 143 1613 ·simium
168 1557 308 1627 *quendam
336 1557 430 1611 eximie
458 1559 597 1630 praestitit.
641 1557 740 1613 Verum
769 1559 832 1631 qatitl
861 1558 967 1614 taudem
995 1575 1028 1613 ex
1050 1559 1103 1614 hoc
1124 1560 1224 1620 Proteo
1247 1560 1327 1615 nohis

28 1639 197 1712 sperandum
221 1640 271 1702 sit,
292 1639 365 1696 filius
388 1658 464 1697 meus
486 1642 678 1712 dimissimus,
701 1661 780 1716 quem
803 1643 939 1715 Laqueum
964 1651 1073 1704 uocant.
1097 1643 1234 1700 indicabit.

460 1773 499 1822 IN
516 1771 657 1822 neutum
676 1772 892 1823 MONACHVM.
918 1777 921 1781 “

287 1930 289 1933 ,
337 1876 415 1939 Echi,
438 1895 498 1934 cum
521 1879 682 1937 monachum
706 1887 732 1933 te
754 1879 911 1954 Desperatio
934 1879 1006 1941 lecit,

298 2028 301 2031 ¹
386 1962 447 2019 llos
468 1972 560 2038 aptum
582 1963 654 2020 collo
677 1964 817 2046 repperies
838 1965 989 2037 Laqueum!

537 2209 821 2286 tortuosus
919 2198 920 2201 ‘

578 2334 630 2375 cvi
647 2335 779 2376 TITVLVS

480 2418 626 2474 neurus
647 2419 876 2475 nouaenvs.

142 2523 144 2526 ’
246 2522 841 2615 1nteit'0quutoresncu1cua‚nenne,
862 2552 1103 2603 neucesarie.
1181 2609 1186 2619 ⁴

116 2669 262 2726 Eckillu.
284 2671 362 2733 Echi,
392 2687 481 2728 metun
502 2669 570 2734 mei,
598 2674 665 2746 v(prid
695 2674 752 2729 luee
775 2673 863 2729 vetula
885 2673 957 2730 domi
981 2682 1083 2730 nostre
1106 2675 1158 2729 iam
1181 2675 1238 2745 agit
1261 2687 1365 2748 per-ur

17 2765 146 2829 rpetuum
168 2756 305 2811 triduum?
334 2756 398 2830 quid
427 2756 478 2812 sihi
506 2756 645 2812 vultftam
674 2758 759 2813 anxiis
781 2759 920 2831 suspiriis.
952 2767 1004 2813 tam
1028 2759 1164 2814 indefesso
1186 2759 1322 2813 clausere?

29 2839 464 2907 Echius.hiiriiieemoturhrt.
523 2841 1094 2915 Echilla.linetcupillossuosevellit.¹
1138 2842 1318 2897 detrusti

29 2924 142 2980 sortiter
164 2923 346 2998 lachrymatur
368 2934 449 3000 atque
473 2927 578 3000 mingit.
663 2926 808 2982 Echilla.
838 2927 935 2984 illalum
958 2945 1017 2988 vas,
1042 2936 1097 2981 tum
1122 2927 1196 2981 rimis
1212 2926 1323 2998 plenum

32 3009 114 3065 tacite
135 3009 245 3065 dillluit.
320 3011 452 3068 Echius.
482 3011 599 3085 Tempus
621 3012 674 3068 hoc
697 3012 772 3067 iocos
793 3029 847 3066 neu
870 3010 1001 3084 postulat.
1065 3010 1212 3065 lickilla.
1236 3011 1378 3074 Locusta.

29 3092 172 3167 postulas?
196 3093 297 3166 placida
313 3113 389 3156 nrm.
403 3095 549 3150 succumbo
565 3096 748 3169 paratissime:
772 3096 896 3151 iusceude
912 3099 1019 3156 navem,
1036 3096 1058 3149 si
1074 3095 1122 3149 vis.
1159 3114 1162 3122 ·
1187 3093 1264 3149 Echi
1275 3112 1291 3148 u
1299 3113 1320 3149 s.

17 3178 128 3234 thdhuc
149 3178 238 3234 rides?
323 3179 465 3236 Echilla.
495 3179 609 3246 Quidni?
637 3198 697 3238 imm
725 3181 787 3253 quis
814 3195 868 3235 aon
897 3180 983 3235 rident
1004 3179 1115 3235 Euhium
1143 3196 1197 3234 uno
1226 3180 1253 3234 in
1281 3197 1323 3233 ar·

31 3263 114 3318 bustu
135 3261 205 3317 ‹luos
227 3264 371 3337 erythucos
389 3264 484 3320 oleret
512 3264 579 3332 Quid
595 3265 618 3320 si
634 3282 694 3320 nou
705 3265 787 3320 leram
802 3265 870 3320 hane
885 3263 1000 3338 amplius
1014 3265 1143 3321 continue
1158 3263 1322 3347 eittlantem'.¹

30 3346 167 3403 tetius.
196 3347 280 3403 Crede
302 3349 380 3411 milri,
409 3366 462 3405 neu
486 3349 512 3403 in
535 3349 587 3405 hoc
610 3351 698 3411 adest,
728 3367 783 3423 quo
813 3357 841 3404 tu
871 3349 988 3404 iudicas:
1018 3366 1105 3421 egone
1132 3349 1375 3408 consternenda.

30 3431 117 3487 hune?
140 3431 201 3506 quis
224 3448 341 3506 unquam
364 3451 393 3488 se
416 3451 476 3489 cum
499 3433 545 3502 illa
568 3434 693 3495 misceat,
717 3451 777 3506 quie
802 3443 854 3489 tam
878 3433 976 3489 misere
998 3452 1028 3490 se
1052 3435 1197 3508 lachrymis
1218 3434 1323 3489 discru-

30 3516 103 3572 ciat?
190 3516 336 3572 lickilla.
366 3517 469 3574 Excidit
490 3518 539 3572 tihi
563 3536 642 3592 quam
666 3519 782 3574 libenter
804 3536 845 3574 me
867 3518 1077 3593 lachrymantem
1102 3520 1257 3593 opprimes?
1285 3519 1323 3573 Eu

17 3609 114 3674 tunam
137 3600 224 3656 adhuc
245 3601 325 3657 hodie
348 3612 428 3675 rugat
449 3602 604 3676 palliolum.
635 3603 753 3659 hesterni
776 3621 941 3676 congressus
963 3604 1100 3663 iudicium.
1188 3603 1322 3658 tetius.

31 3684 103 3740 Nihil
132 3685 164 3740 ud
194 3685 351 3741 rhomhum:
386 3686 501 3742 vetulam
529 3688 726 3760 adgrediamur.
813 3688 955 3744 Echilla.
992 3689 1121 3763 Suspicor
1149 3688 1248 3743 dudum
1279 3687 1336 3741 aur

31 3786 159 3842 gressum
180 3786 255 3832 esses
278 3771 325 3825 sed
347 3771 393 3826 hat
416 3772 488 3844 quod
512 3772 602 3833 iubes.
626 3773 769 3844 adgrediar
792 3773 852 3828 ism.
939 3773 1070 3829 delitus.
1093 3772 1227 3828 Fortiter!

116 3852 266 3909 uotiua.-
287 3854 357 3922 (tutu
384 3855 492 3929 ploras,
520 3857 638 3918 anicula,
668 3857 707 3912 rel
737 3858 800 3930 quid
831 3858 878 3913 tihi
903 3858 1009 3914 leudem
1037 3856 1177 3913 nohiscum
1204 3863 1246 3909 est
1276 3862 1378 3908 neti.

33 3938 121 4010 gotii'l
206 3938 424 4012 Desperatio.
448 3941 540 4014 Magna
563 3943 634 4014 apud
656 3960 705 3997 ros
727 3960 769 3997 me
792 3943 882 4015 preda
904 3950 1003 3996 nranet.
1079 3937 1219 3994 liehilla.
1243 3937 1323 3990 Gras-

17 4023 103 4077 asnis
126 4022 153 4077 iu
176 4022 247 4078 huuc
269 4024 396 4080 medum?
419 4025 464 4081 llic
487 4026 559 4099 quod
583 4026 631 4081 tihi
654 4043 751 4081 nomeu
774 4026 819 4081 sit.
890 4021 1257 4098 desperatie.·llomines
1281 4038 1322 4074 me

32 4106 251 4181 desperationem
273 4117 378 4164 vocant.
443 4109 584 4166 Eckilla.
608 4109 673 4177 Quis
696 4110 744 4164 tibi
769 4118 858 4182 pater,
882 4127 942 4181 quse
967 4107 1014 4162 tihi
1032 4106 1200 4161 materfuit?
1265 4104 1380 4186 Ile-§.u

98 4371 274 4438 *quendem
292 4376 333 4425 eal.
381 4374 400 4407 ¹¹
419 4376 492 4425 Huic
511 4373 593 4425 titulo
611 4374 785 4439 proverbium
805 4374 980 4437 ‘Desperatio
999 4371 1162 4421 monachum
1181 4371 1260 4420 lecit'
1280 4387 1326 4421 nn·
1424 4406 1430 4416 .

32 4473 90 4508 sem
108 4457 219 4508 dedisse
238 4459 412 4510 crediderim·
472 4458 492 4491 ¹¹
511 4457 576 4525 mel]
596 4460 628 4508 In
646 4457 793 4507 blanditiis
812 4462 880 4522 aput
897 4456 1025 4506 Plautum
1045 4457 1184 4521 frequens.
1242 4454 1262 4486 ¹¹
1281 4456 1325 4505 ct.

32 4542 144 4593 Terent„
159 4528 256 4603 Lim.
309 4543 373 4610 leci]
393 4544 529 4610 pudende.
577 4542 598 4575 ¹¹
616 4540 706 4607 nevis]
727 4557 782 4605 qus
800 4541 1004 4607 significatione
1023 4540 1139 4590 Pleutns
1158 4540 1327 4604 aliquotiens

34 4631 61 4676 et
77 4626 213 4692 imprimis
230 4627 317 4691 lulla,
335 4629 454 4695 Augusti
472 4628 541 4686 fitia,
561 4627 604 4676 usi
623 4631 694 4676 sunt.
746 4624 767 4657 ²¹
788 4625 977 4688 erythraicon?
996 4627 1032 4675 cl.
1047 4626 1122 4677 Ptin·
1132 4627 1167 4675 H.
1181 4627 1213 4676 N.
1227 4627 1326 4676 xxvt.

38 4711 114 4761 tuos.
168 4709 191 4742 ¹¹
210 4712 376 4763 discrutiet?
392 4715 436 4763 ed.
489 4713 512 4745 ¹¹
529 4711 605 4762 Nihil
625 4711 659 4760 ad
672 4708 787 4776 rhome]
807 4711 849 4760 ct.
865 4712 930 4761 hice.
944 4709 1034 4760 dedel.
1047 4710 1071 4771 9.
1084 4708 1126 4761 90.
