<?xml version="1.0" encoding="UTF-8"?>
<!DOCTYPE html PUBLIC "-//W3C//DTD XHTML 1.0 Transitional//EN"
    "http://www.w3.org/TR/xhtml1/DTD/xhtml1-transitional.dtd">
<html xmlns="http://www.w3.org/1999/xhtml" xml:lang="en" lang="en">
 <head>
  <title>
</title>
<meta http-equiv="Content-Type" content="text/html;charset=utf-8" />
  <meta name='ocr-system' content='tesseract 3.04.00' />
  <meta name='ocr-capabilities' content='ocr_page ocr_carea ocr_par ocr_line ocrx_word'/>
</head>
<body>
  <div class='ocr_page' id='page_1' title='image "./ulrichihuttenie05huttgoog/ulrichihuttenie05huttgoog_0373.png"; bbox 0 0 3232 5422; ppageno 0'>
   <div class='ocr_carea' id='block_1_1' title="bbox 267 359 1309 442">
    <p class='ocr_par' dir='ltr' id='par_1_1' title="bbox 267 359 1309 442">
     <span class='ocr_line' id='line_1_1' title="bbox 267 359 1309 442; baseline 0 -17"><span class='ocrx_word' id='word_1_1' title='bbox 267 359 341 431; x_wconf 80' lang='grc'><strong>368</strong></span> <span class='ocrx_word' id='word_1_2' title='bbox 510 375 558 425; x_wconf 79' lang='lat' dir='ltr'><strong>XI.</strong></span> <span class='ocrx_word' id='word_1_3' title='bbox 628 387 789 425; x_wconf 65' lang='lat' dir='ltr'><strong>Pannonias.</strong></span> <span class='ocrx_word' id='word_1_4' title='bbox 859 390 998 426; x_wconf 75' lang='lat' dir='ltr'><strong>nrauoovs</strong></span> <span class='ocrx_word' id='word_1_5' title='bbox 1018 377 1199 442; x_wconf 65' lang='lat' dir='ltr'><strong>merr&#39;rrucrs.</strong></span> <span class='ocrx_word' id='word_1_6' title='bbox 1219 375 1309 439; x_wconf 75' lang='lat'>(15²⁰.)</span> 
     </span>
    </p>
   </div>
   <div class='ocr_carea' id='block_1_2' title="bbox 197 543 1572 4465">
    <p class='ocr_par' dir='ltr' id='par_1_2' title="bbox 197 543 1572 4465">
     <span class='ocr_line' id='line_1_2' title="bbox 197 543 1143 622; baseline -0.002 -17"><span class='ocrx_word' id='word_1_7' title='bbox 197 556 259 605; x_wconf 66' lang='lat' dir='ltr'><strong>§.t-t.</strong></span> <span class='ocrx_word' id='word_1_8' title='bbox 331 563 505 605; x_wconf 78' lang='lat' dir='ltr'><strong>nvrruuvs.</strong></span> <span class='ocrx_word' id='word_1_9' title='bbox 543 543 603 604; x_wconf 89' lang='lat' dir='ltr'><strong>lam</strong></span> <span class='ocrx_word' id='word_1_10' title='bbox 626 544 683 603; x_wconf 91' lang='lat' dir='ltr'><strong>hoc</strong></span> <span class='ocrx_word' id='word_1_11' title='bbox 704 544 798 620; x_wconf 79' lang='lat' dir='ltr'><strong>magis</strong></span> <span class='ocrx_word' id='word_1_12' title='bbox 819 543 931 621; x_wconf 86' lang='lat' dir='ltr'><strong>placet:</strong></span> <span class='ocrx_word' id='word_1_13' title='bbox 954 545 1059 622; x_wconf 86' lang='lat' dir='ltr'><strong>incipe.</strong></span> <span class='ocrx_word' id='word_1_14' title='bbox 1140 554 1143 558; x_wconf 86' lang='grc'><strong><em>’</em></strong></span> 
     </span>
     <span class='ocr_line' id='line_1_3' title="bbox 264 643 1539 725; baseline 0 -20"><span class='ocrx_word' id='word_1_15' title='bbox 264 662 360 697; x_wconf 58' lang='lat' dir='ltr'><strong>neone</strong></span> <span class='ocrx_word' id='word_1_16' title='bbox 375 655 420 725; x_wconf 65' lang='grc' dir='ltr'><strong>ιι</strong></span> <span class='ocrx_word' id='word_1_17' title='bbox 484 665 683 706; x_wconf 74' lang='lat' dir='ltr'><strong>rasuerscvs.</strong></span> <span class='ocrx_word' id='word_1_18' title='bbox 721 645 813 704; x_wconf 82' lang='lat' dir='ltr'><strong>Primi</strong></span> <span class='ocrx_word' id='word_1_19' title='bbox 841 653 909 705; x_wconf 93' lang='lat' dir='ltr'><strong>sunt</strong></span> <span class='ocrx_word' id='word_1_20' title='bbox 939 646 989 723; x_wconf 86' lang='lat' dir='ltr'><strong>qui</strong></span> <span class='ocrx_word' id='word_1_21' title='bbox 1011 643 1139 704; x_wconf 89' lang='lat' dir='ltr'><strong>latrones</strong></span> <span class='ocrx_word' id='word_1_22' title='bbox 1161 654 1334 715; x_wconf 63' lang='lat' dir='ltr'><strong>vocantur„</strong></span> <span class='ocrx_word' id='word_1_23' title='bbox 1348 654 1379 707; x_wconf 88' lang='lat' dir='ltr'><strong>ct</strong></span> <span class='ocrx_word' id='word_1_24' title='bbox 1402 648 1459 707; x_wconf 83' lang='lat' dir='ltr'><strong>rias</strong></span> <span class='ocrx_word' id='word_1_25' title='bbox 1477 645 1539 706; x_wconf 64' lang='lat' dir='ltr'><strong>obs}</strong></span> 
     </span>
     <span class='ocr_line' id='line_1_4' title="bbox 266 744 982 824; baseline 0.001 -21"><span class='ocrx_word' id='word_1_26' title='bbox 266 744 335 803; x_wconf 90' lang='lat' dir='ltr'><strong>dent</strong></span> <span class='ocrx_word' id='word_1_27' title='bbox 357 764 392 805; x_wconf 91' lang='lat' dir='ltr'><strong>ac</strong></span> <span class='ocrx_word' id='word_1_28' title='bbox 414 748 443 805; x_wconf 91' lang='lat' dir='ltr'><strong>in</strong></span> <span class='ocrx_word' id='word_1_29' title='bbox 466 747 544 824; x_wconf 82' lang='lat' dir='ltr'><strong>agris</strong></span> <span class='ocrx_word' id='word_1_30' title='bbox 566 749 673 824; x_wconf 87' lang='lat' dir='ltr'><strong>passim</strong></span> <span class='ocrx_word' id='word_1_31' title='bbox 698 752 726 805; x_wconf 91' lang='lat' dir='ltr'><strong>et</strong></span> <span class='ocrx_word' id='word_1_32' title='bbox 748 745 833 824; x_wconf 75' lang='lat' dir='ltr'><strong>sylvis</strong></span> <span class='ocrx_word' id='word_1_33' title='bbox 854 747 982 824; x_wconf 88' lang='lat' dir='ltr'><strong>rapiunt.</strong></span> 
     </span>
     <span class='ocr_line' id='line_1_5' title="bbox 326 846 1542 927; baseline 0.001 -22"><span class='ocrx_word' id='word_1_34' title='bbox 326 861 503 908; x_wconf 70' lang='lat' dir='ltr'><strong>saccaron.</strong></span> <span class='ocrx_word' id='word_1_35' title='bbox 541 849 635 925; x_wconf 77' lang='lat' dir='ltr'><strong>Atque</strong></span> <span class='ocrx_word' id='word_1_36' title='bbox 656 846 687 906; x_wconf 92' lang='lat' dir='ltr'><strong>hi</strong></span> <span class='ocrx_word' id='word_1_37' title='bbox 709 847 882 925; x_wconf 80' lang='lat' dir='ltr'><strong>praedonum</strong></span> <span class='ocrx_word' id='word_1_38' title='bbox 904 848 1022 907; x_wconf 87' lang='lat' dir='ltr'><strong>minimi·</strong></span> <span class='ocrx_word' id='word_1_39' title='bbox 1043 848 1177 908; x_wconf 85' lang='lat' dir='ltr'><strong>videntur</strong></span> <span class='ocrx_word' id='word_1_40' title='bbox 1204 849 1267 918; x_wconf 88' lang='lat' dir='ltr'><strong>tibi,</strong></span> <span class='ocrx_word' id='word_1_41' title='bbox 1297 858 1326 910; x_wconf 85' lang='lat' dir='ltr'><strong>et</strong></span> <span class='ocrx_word' id='word_1_42' title='bbox 1353 852 1447 927; x_wconf 81' lang='lat' dir='ltr'><strong>magis</strong></span> <span class='ocrx_word' id='word_1_43' title='bbox 1470 867 1542 927; x_wconf 90' lang='lat' dir='ltr'><strong>quan</strong></span> 
     </span>
     <span class='ocr_line' id='line_1_6' title="bbox 260 943 1557 1023; baseline 0.003 -18"><span class='ocrx_word' id='word_1_44' title='bbox 260 946 332 1006; x_wconf 92' lang='lat' dir='ltr'><strong>alios</strong></span> <span class='ocrx_word' id='word_1_45' title='bbox 354 946 491 1007; x_wconf 82' lang='lat' dir='ltr'><strong>serendos</strong></span> <span class='ocrx_word' id='word_1_46' title='bbox 512 950 673 1009; x_wconf 78' lang='lat' dir='ltr'><strong>existimas?</strong></span> <span class='ocrx_word' id='word_1_47' title='bbox 824 943 828 951; x_wconf 80' lang='grc'>’</span> <span class='ocrx_word' id='word_1_48' title='bbox 1285 974 1287 977; x_wconf 91' lang='grc'><em>·</em></span> <span class='ocrx_word' id='word_1_49' title='bbox 1494 1020 1495 1023; x_wconf 10' lang='lat'>¹</span> <span class='ocrx_word' id='word_1_50' title='bbox 1549 966 1557 1001; x_wconf 77' lang='lat'>⁵</span> 
     </span>
     <span class='ocr_line' id='line_1_7' title="bbox 326 1050 1544 1127; baseline 0.004 -18"><span class='ocrx_word' id='word_1_51' title='bbox 326 1069 526 1111; x_wconf 70' lang='lat' dir='ltr'><strong>cameracus.</strong></span> <span class='ocrx_word' id='word_1_52' title='bbox 564 1051 612 1109; x_wconf 89' lang='lat' dir='ltr'><strong>Sic</strong></span> <span class='ocrx_word' id='word_1_53' title='bbox 635 1051 767 1127; x_wconf 88' lang='lat' dir='ltr'><strong>prolecto</strong></span> <span class='ocrx_word' id='word_1_54' title='bbox 789 1050 940 1111; x_wconf 73' lang='lat' dir='ltr'><strong>arbitror:</strong></span> <span class='ocrx_word' id='word_1_55' title='bbox 970 1068 1038 1110; x_wconf 92' lang='lat' dir='ltr'><strong>nam</strong></span> <span class='ocrx_word' id='word_1_56' title='bbox 1066 1060 1096 1110; x_wconf 91' lang='lat' dir='ltr'><strong>et</strong></span> <span class='ocrx_word' id='word_1_57' title='bbox 1123 1051 1222 1109; x_wconf 90' lang='lat' dir='ltr'><strong>minus</strong></span> <span class='ocrx_word' id='word_1_58' title='bbox 1249 1061 1374 1120; x_wconf 82' lang='lat' dir='ltr'>nocent,</span> <span class='ocrx_word' id='word_1_59' title='bbox 1406 1059 1435 1112; x_wconf 88' lang='lat' dir='ltr'><strong>et</strong></span> <span class='ocrx_word' id='word_1_60' title='bbox 1455 1052 1544 1115; x_wconf 84' lang='lat' dir='ltr'><strong>rarius.</strong></span> 
     </span>
     <span class='ocr_line' id='line_1_8' title="bbox 264 1149 1545 1229; baseline 0.002 -21"><span class='ocrx_word' id='word_1_61' title='bbox 264 1149 342 1227; x_wconf 85' lang='lat' dir='ltr'><strong>quod</strong></span> <span class='ocrx_word' id='word_1_62' title='bbox 366 1168 461 1228; x_wconf 87' lang='lat' dir='ltr'><strong>neque</strong></span> <span class='ocrx_word' id='word_1_63' title='bbox 483 1158 607 1227; x_wconf 87' lang='lat' dir='ltr'><strong>possunt</strong></span> <span class='ocrx_word' id='word_1_64' title='bbox 629 1152 744 1228; x_wconf 88' lang='lat' dir='ltr'><strong>quoties</strong></span> <span class='ocrx_word' id='word_1_65' title='bbox 766 1151 880 1218; x_wconf 85' lang='lat' dir='ltr'><strong>volunt,</strong></span> <span class='ocrx_word' id='word_1_66' title='bbox 911 1151 1147 1229; x_wconf 83' lang='lat' dir='ltr'><strong>quandoquidem</strong></span> <span class='ocrx_word' id='word_1_67' title='bbox 1177 1154 1316 1213; x_wconf 87' lang='lat' dir='ltr'><strong>resistere</strong></span> <span class='ocrx_word' id='word_1_68' title='bbox 1340 1153 1398 1213; x_wconf 86' lang='lat' dir='ltr'><strong>illis</strong></span> <span class='ocrx_word' id='word_1_69' title='bbox 1421 1152 1502 1212; x_wconf 89' lang='lat' dir='ltr'><strong>lacile</strong></span> <span class='ocrx_word' id='word_1_70' title='bbox 1521 1152 1545 1213; x_wconf 88' lang='lat' dir='ltr'><strong>li-</strong></span> 
     </span>
     <span class='ocr_line' id='line_1_9' title="bbox 265 1250 1546 1329; baseline 0.002 -20"><span class='ocrx_word' id='word_1_71' title='bbox 265 1257 311 1309; x_wconf 91' lang='lat' dir='ltr'><strong>cet</strong></span> <span class='ocrx_word' id='word_1_72' title='bbox 333 1250 428 1310; x_wconf 79' lang='lat' dir='ltr'><strong>ab&#39;lis</strong></span> <span class='ocrx_word' id='word_1_73' title='bbox 450 1253 500 1329; x_wconf 85' lang='lat' dir='ltr'><strong>qui</strong></span> <span class='ocrx_word' id='word_1_74' title='bbox 523 1267 626 1311; x_wconf 82' lang='lat' dir='ltr'><strong>carere</strong></span> <span class='ocrx_word' id='word_1_75' title='bbox 650 1251 764 1319; x_wconf 87' lang='lat' dir='ltr'><strong>voluut;</strong></span> <span class='ocrx_word' id='word_1_76' title='bbox 796 1260 824 1311; x_wconf 90' lang='lat' dir='ltr'><strong>et</strong></span> <span class='ocrx_word' id='word_1_77' title='bbox 846 1252 945 1328; x_wconf 81' lang='lat' dir='ltr'><strong>flagitii</strong></span> <span class='ocrx_word' id='word_1_78' title='bbox 968 1253 1064 1329; x_wconf 91' lang='lat' dir='ltr'><strong>pudor</strong></span> <span class='ocrx_word' id='word_1_79' title='bbox 1087 1261 1145 1321; x_wconf 86' lang='lat' dir='ltr'><strong>est,</strong></span> <span class='ocrx_word' id='word_1_80' title='bbox 1169 1254 1193 1312; x_wconf 89' lang='lat' dir='ltr'><strong>si</strong></span> <span class='ocrx_word' id='word_1_81' title='bbox 1223 1254 1299 1313; x_wconf 88' lang='lat' dir='ltr'><strong>lama</strong></span> <span class='ocrx_word' id='word_1_82' title='bbox 1330 1256 1495 1320; x_wconf 85' lang='lat' dir='ltr'><strong>dilleratur,</strong></span> <span class='ocrx_word' id='word_1_83' title='bbox 1521 1272 1546 1312; x_wconf 84' lang='lat' dir='ltr'><strong>ae</strong></span> 
     </span>
     <span class='ocr_line' id='line_1_10' title="bbox 265 1336 1546 1432; baseline 0.002 -24"><span class='ocrx_word' id='word_1_84' title='bbox 265 1349 399 1428; x_wconf 86' lang='lat' dir='ltr'><strong>supplicii</strong></span> <span class='ocrx_word' id='word_1_85' title='bbox 422 1359 501 1412; x_wconf 88' lang='lat' dir='ltr'><strong>metu</strong></span> <span class='ocrx_word' id='word_1_86' title='bbox 524 1372 539 1412; x_wconf 93' lang='lat' dir='ltr'><strong>a</strong></span> <span class='ocrx_word' id='word_1_87' title='bbox 562 1352 674 1413; x_wconf 87' lang='lat' dir='ltr'><strong>scelere</strong></span> <span class='ocrx_word' id='word_1_88' title='bbox 697 1352 871 1432; x_wconf 80' lang='lat' dir='ltr'><strong>plerumque</strong></span> <span class='ocrx_word' id='word_1_89' title='bbox 894 1336 1043 1412; x_wconf 71' lang='lat' dir='ltr'><strong>abstinent</strong></span> <span class='ocrx_word' id='word_1_90' title='bbox 1064 1371 1145 1414; x_wconf 90' lang='lat' dir='ltr'><strong>sese:</strong></span> <span class='ocrx_word' id='word_1_91' title='bbox 1176 1373 1244 1415; x_wconf 91' lang='lat' dir='ltr'><strong>nam</strong></span> <span class='ocrx_word' id='word_1_92' title='bbox 1272 1355 1343 1415; x_wconf 88' lang='lat' dir='ltr'><strong>solis</strong></span> <span class='ocrx_word' id='word_1_93' title='bbox 1372 1358 1501 1416; x_wconf 90' lang='lat' dir='ltr'><strong>omnium</strong></span> <span class='ocrx_word' id='word_1_94' title='bbox 1526 1356 1546 1412; x_wconf 86' lang='lat' dir='ltr'><strong>iu</strong></span> 
     </span>
     <span class='ocr_line' id='line_1_11' title="bbox 197 1451 1567 1535; baseline -0.002 -23"><span class='ocrx_word' id='word_1_95' title='bbox 197 1451 255 1500; x_wconf 59' lang='grc' dir='ltr'>Μ</span> <span class='ocrx_word' id='word_1_96' title='bbox 268 1452 424 1512; x_wconf 77' lang='lat' dir='ltr'><strong>Germania</strong></span> <span class='ocrx_word' id='word_1_97' title='bbox 447 1453 622 1514; x_wconf 76' lang='lat' dir='ltr'><strong>Praedonum</strong></span> <span class='ocrx_word' id='word_1_98' title='bbox 645 1454 691 1514; x_wconf 88' lang='lat' dir='ltr'><strong>his</strong></span> <span class='ocrx_word' id='word_1_99' title='bbox 712 1472 798 1531; x_wconf 83' lang='lat' dir='ltr'><strong>poena</strong></span> <span class='ocrx_word' id='word_1_100' title='bbox 822 1461 866 1513; x_wconf 87' lang='lat' dir='ltr'><strong>cst</strong></span> <span class='ocrx_word' id='word_1_101' title='bbox 887 1456 1052 1515; x_wconf 86' lang='lat' dir='ltr'><strong>constituta.</strong></span> <span class='ocrx_word' id='word_1_102' title='bbox 1098 1475 1189 1533; x_wconf 86' lang='lat' dir='ltr'><strong>quare</strong></span> <span class='ocrx_word' id='word_1_103' title='bbox 1212 1459 1305 1516; x_wconf 84' lang='lat' dir='ltr'><strong>rictus</strong></span> <span class='ocrx_word' id='word_1_104' title='bbox 1327 1459 1425 1534; x_wconf 80' lang='lat' dir='ltr'><strong>gratia</strong></span> <span class='ocrx_word' id='word_1_105' title='bbox 1446 1457 1567 1535; x_wconf 78' lang='lat' dir='ltr'><strong>quisine</strong></span> 
     </span>
     <span class='ocr_line' id='line_1_12' title="bbox 265 1553 1546 1635; baseline 0.001 -21"><span class='ocrx_word' id='word_1_106' title='bbox 265 1554 480 1632; x_wconf 84' lang='lat' dir='ltr'><strong>periclitantur.</strong></span> <span class='ocrx_word' id='word_1_107' title='bbox 504 1555 573 1632; x_wconf 90' lang='lat' dir='ltr'><strong>quid</strong></span> <span class='ocrx_word' id='word_1_108' title='bbox 596 1553 673 1615; x_wconf 91' lang='lat' dir='ltr'><strong>aliud</strong></span> <span class='ocrx_word' id='word_1_109' title='bbox 696 1556 807 1615; x_wconf 83' lang='lat' dir='ltr'><strong>iaciunt</strong></span> <span class='ocrx_word' id='word_1_110' title='bbox 821 1574 909 1633; x_wconf 89' lang='lat' dir='ltr'><strong>quam</strong></span> <span class='ocrx_word' id='word_1_111' title='bbox 926 1554 1072 1616; x_wconf 81' lang='lat' dir='ltr'><strong>allamma</strong></span> <span class='ocrx_word' id='word_1_112' title='bbox 1089 1556 1186 1617; x_wconf 92' lang='lat' dir='ltr'><strong>cibum</strong></span> <span class='ocrx_word' id='word_1_113' title='bbox 1202 1559 1251 1635; x_wconf 87' lang='lat' dir='ltr'><strong>qui</strong></span> <span class='ocrx_word' id='word_1_114' title='bbox 1267 1561 1393 1635; x_wconf 82' lang='lat' dir='ltr'><strong>petunt?</strong></span> <span class='ocrx_word' id='word_1_115' title='bbox 1416 1566 1493 1618; x_wconf 88' lang='lat' dir='ltr'><strong>certe</strong></span> <span class='ocrx_word' id='word_1_116' title='bbox 1507 1575 1546 1635; x_wconf 79' lang='lat' dir='ltr'><strong>pe</strong></span> 
     </span>
     <span class='ocr_line' id='line_1_13' title="bbox 264 1654 1546 1741; baseline 0.003 -27"><span class='ocrx_word' id='word_1_117' title='bbox 264 1654 442 1741; x_wconf 48' lang='lat' dir='ltr'><strong>lssgtggl⁰5⁵4¹ff¹ffl,‚</strong></span> <span class='ocrx_word' id='word_1_118' title='bbox 466 1660 472 1729; x_wconf 91' lang='grc' dir='ltr'>Ι</span> <span class='ocrx_word' id='word_1_119' title='bbox 494 1655 588 1717; x_wconf 89' lang='lat' dir='ltr'><strong>riculo</strong></span> <span class='ocrx_word' id='word_1_120' title='bbox 611 1664 714 1716; x_wconf 80' lang='lat' dir='ltr'><strong>vacant</strong></span> <span class='ocrx_word' id='word_1_121' title='bbox 736 1667 896 1734; x_wconf 83' lang='lat' dir='ltr'><strong>uunquam.</strong></span> <span class='ocrx_word' id='word_1_122' title='bbox 931 1663 959 1716; x_wconf 90' lang='lat' dir='ltr'><strong>et</strong></span> <span class='ocrx_word' id='word_1_123' title='bbox 981 1657 1028 1717; x_wconf 89' lang='lat' dir='ltr'><strong>alii</strong></span> <span class='ocrx_word' id='word_1_124' title='bbox 1051 1657 1169 1735; x_wconf 89' lang='lat' dir='ltr'><strong>quidem</strong></span> <span class='ocrx_word' id='word_1_125' title='bbox 1193 1658 1327 1719; x_wconf 89' lang='lat' dir='ltr'><strong>homines</strong></span> <span class='ocrx_word' id='word_1_126' title='bbox 1349 1661 1403 1737; x_wconf 83' lang='lat' dir='ltr'><strong>qui</strong></span> <span class='ocrx_word' id='word_1_127' title='bbox 1426 1658 1469 1719; x_wconf 87' lang='lat' dir='ltr'><strong>rel</strong></span> <span class='ocrx_word' id='word_1_128' title='bbox 1491 1658 1546 1718; x_wconf 86' lang='lat' dir='ltr'><strong>boni</strong></span> 
     </span>
     <span class='ocr_line' id='line_1_14' title="bbox 230 1746 1546 1835; baseline 0 -18"><span class='ocrx_word' id='word_1_129' title='bbox 230 1797 235 1807; x_wconf 79' lang='lat'><strong>·</strong></span> <span class='ocrx_word' id='word_1_130' title='bbox 266 1757 374 1835; x_wconf 87' lang='lat' dir='ltr'><strong>aliquid</strong></span> <span class='ocrx_word' id='word_1_131' title='bbox 398 1755 442 1816; x_wconf 88' lang='lat' dir='ltr'><strong>vel</strong></span> <span class='ocrx_word' id='word_1_132' title='bbox 466 1755 532 1816; x_wconf 86' lang='lat' dir='ltr'><strong>mali</strong></span> <span class='ocrx_word' id='word_1_133' title='bbox 555 1756 784 1833; x_wconf 81' lang='lat' dir='ltr'><strong>adgrediuntur,</strong></span> <span class='ocrx_word' id='word_1_134' title='bbox 809 1761 850 1818; x_wconf 88' lang='lat' dir='ltr'><strong>eis</strong></span> <span class='ocrx_word' id='word_1_135' title='bbox 873 1758 1027 1818; x_wconf 86' lang='lat' dir='ltr'><strong>consilium</strong></span> <span class='ocrx_word' id='word_1_136' title='bbox 1049 1758 1189 1819; x_wconf 87' lang='lat' dir='ltr'><strong>adhibere</strong></span> <span class='ocrx_word' id='word_1_137' title='bbox 1212 1746 1295 1819; x_wconf 62' lang='lat' dir='ltr'><strong>laeto¹</strong></span> <span class='ocrx_word' id='word_1_138' title='bbox 1311 1759 1397 1827; x_wconf 84' lang='lat' dir='ltr'><strong>licct;</strong></span> <span class='ocrx_word' id='word_1_139' title='bbox 1420 1760 1451 1821; x_wconf 83' lang='lat' dir='ltr'><strong>hi</strong></span> <span class='ocrx_word' id='word_1_140' title='bbox 1471 1759 1546 1820; x_wconf 90' lang='lat' dir='ltr'><strong>auda·</strong></span> 
     </span>
     <span class='ocr_line' id='line_1_15' title="bbox 264 1857 1417 1939; baseline 0.002 -21"><span class='ocrx_word' id='word_1_141' title='bbox 264 1860 316 1918; x_wconf 88' lang='lat' dir='ltr'><strong>cia</strong></span> <span class='ocrx_word' id='word_1_142' title='bbox 331 1858 468 1919; x_wconf 85' lang='lat' dir='ltr'><strong>seruntur</strong></span> <span class='ocrx_word' id='word_1_143' title='bbox 489 1864 602 1919; x_wconf 88' lang='lat' dir='ltr'><strong>tautum</strong></span> <span class='ocrx_word' id='word_1_144' title='bbox 625 1865 653 1917; x_wconf 93' lang='lat' dir='ltr'><strong>et</strong></span> <span class='ocrx_word' id='word_1_145' title='bbox 676 1857 839 1935; x_wconf 87' lang='lat' dir='ltr'><strong>periculum</strong></span> <span class='ocrx_word' id='word_1_146' title='bbox 862 1859 972 1919; x_wconf 91' lang='lat' dir='ltr'><strong>habent</strong></span> <span class='ocrx_word' id='word_1_147' title='bbox 994 1863 1176 1939; x_wconf 85' lang='lat' dir='ltr'><strong>propositum</strong></span> <span class='ocrx_word' id='word_1_148' title='bbox 1199 1878 1327 1938; x_wconf 85' lang='lat' dir='ltr'><strong>semper.</strong></span> <span class='ocrx_word' id='word_1_149' title='bbox 1407 1877 1417 1896; x_wconf 72' lang='grc'><strong>’-</strong></span> 
     </span>
     <span class='ocr_line' id='line_1_16' title="bbox 326 1959 1566 2039; baseline 0.001 -19"><span class='ocrx_word' id='word_1_150' title='bbox 326 1980 502 2021; x_wconf 72' lang='lat' dir='ltr'><strong>macaron</strong></span> <span class='ocrx_word' id='word_1_151' title='bbox 541 1959 649 2019; x_wconf 89' lang='lat' dir='ltr'><strong>Verum</strong></span> <span class='ocrx_word' id='word_1_152' title='bbox 671 1966 715 2019; x_wconf 90' lang='lat' dir='ltr'><strong>cst</strong></span> <span class='ocrx_word' id='word_1_153' title='bbox 737 1959 937 2038; x_wconf 85' lang='lat' dir='ltr'><strong>deprehensos</strong></span> <span class='ocrx_word' id='word_1_154' title='bbox 966 1960 1107 2038; x_wconf 88' lang='lat' dir='ltr'><strong>quosdam</strong></span> <span class='ocrx_word' id='word_1_155' title='bbox 1136 1962 1212 2021; x_wconf 84' lang='lat' dir='ltr'><strong>allici</strong></span> <span class='ocrx_word' id='word_1_156' title='bbox 1241 1961 1399 2039; x_wconf 87' lang='lat' dir='ltr'><strong>supplitio,</strong></span> <span class='ocrx_word' id='word_1_157' title='bbox 1429 1963 1478 2023; x_wconf 89' lang='lat' dir='ltr'><strong>sed</strong></span> <span class='ocrx_word' id='word_1_158' title='bbox 1500 1972 1566 2039; x_wconf 61' lang='grc' dir='ltr'><strong>[ιιι-13</strong></span> 
     </span>
     <span class='ocr_line' id='line_1_17' title="bbox 265 2060 1544 2141; baseline -0.001 -18"><span class='ocrx_word' id='word_1_159' title='bbox 265 2062 345 2123; x_wconf 86' lang='lat' dir='ltr'><strong>sillos</strong></span> <span class='ocrx_word' id='word_1_160' title='bbox 367 2062 531 2141; x_wconf 17' lang='lat' dir='ltr'><strong>putoqistos</strong></span> <span class='ocrx_word' id='word_1_161' title='bbox 553 2067 582 2121; x_wconf 92' lang='lat' dir='ltr'><strong>et</strong></span> <span class='ocrx_word' id='word_1_162' title='bbox 604 2060 761 2138; x_wconf 62' lang='lat' dir='ltr'><strong>ignobilem</strong></span> <span class='ocrx_word' id='word_1_163' title='bbox 792 2080 894 2121; x_wconf 87' lang='lat' dir='ltr'><strong>verum</strong></span> <span class='ocrx_word' id='word_1_164' title='bbox 919 2061 968 2122; x_wconf 94' lang='lat' dir='ltr'><strong>ubi</strong></span> <span class='ocrx_word' id='word_1_165' title='bbox 991 2070 1020 2122; x_wconf 93' lang='lat' dir='ltr'><strong>et</strong></span> <span class='ocrx_word' id='word_1_166' title='bbox 1041 2064 1155 2139; x_wconf 75' lang='lat' dir='ltr'><strong>magnis</strong></span> <span class='ocrx_word' id='word_1_167' title='bbox 1177 2062 1232 2122; x_wconf 89' lang='lat' dir='ltr'><strong>illis</strong></span> <span class='ocrx_word' id='word_1_168' title='bbox 1254 2069 1284 2123; x_wconf 88' lang='lat' dir='ltr'><strong>et</strong></span> <span class='ocrx_word' id='word_1_169' title='bbox 1306 2065 1460 2140; x_wconf 79' lang='lat' dir='ltr'><strong>generosis</strong></span> <span class='ocrx_word' id='word_1_170' title='bbox 1480 2064 1544 2141; x_wconf 80' lang='lat' dir='ltr'><strong>‹pris-</strong></span> 
     </span>
     <span class='ocr_line' id='line_1_18' title="bbox 267 2148 1048 2243; baseline -0.003 -18"><span class='ocrx_word' id='word_1_171' title='bbox 267 2168 344 2243; x_wconf 91' lang='lat' dir='ltr'><strong>piam</strong></span> <span class='ocrx_word' id='word_1_172' title='bbox 368 2163 516 2231; x_wconf 84' lang='lat' dir='ltr'><strong>inciderit,</strong></span> <span class='ocrx_word' id='word_1_173' title='bbox 540 2163 582 2221; x_wconf 85' lang='lat' dir='ltr'><strong>vis</strong></span> <span class='ocrx_word' id='word_1_174' title='bbox 602 2161 660 2240; x_wconf 83' lang='lat' dir='ltr'><strong>logi</strong></span> <span class='ocrx_word' id='word_1_175' title='bbox 682 2163 728 2230; x_wconf 84' lang='lat' dir='ltr'><strong>tit,</strong></span> <span class='ocrx_word' id='word_1_176' title='bbox 752 2163 892 2240; x_wconf 83' lang='lat' dir='ltr'><strong>pervadit.</strong></span> <span class='ocrx_word' id='word_1_177' title='bbox 1046 2148 1048 2154; x_wconf 26' lang='lat'>⁸</span> 
     </span>
     <span class='ocr_line' id='line_1_19' title="bbox 198 2262 1543 2350; baseline 0.001 -29"><span class='ocrx_word' id='word_1_178' title='bbox 198 2264 440 2350; x_wconf 47' lang='lat' dir='ltr'><strong>looffglssgssfiltfffld</strong></span> <span class='ocrx_word' id='word_1_179' title='bbox 504 2283 705 2326; x_wconf 71' lang='lat' dir='ltr'><strong>emersere.</strong></span> <span class='ocrx_word' id='word_1_180' title='bbox 743 2265 779 2322; x_wconf 83' lang='lat' dir='ltr'><strong>At</strong></span> <span class='ocrx_word' id='word_1_181' title='bbox 807 2282 924 2341; x_wconf 89' lang='lat' dir='ltr'><strong>possem</strong></span> <span class='ocrx_word' id='word_1_182' title='bbox 953 2262 1066 2324; x_wconf 87' lang='lat' dir='ltr'><strong>nobiles</strong></span> <span class='ocrx_word' id='word_1_183' title='bbox 1095 2264 1239 2342; x_wconf 87' lang='lat' dir='ltr'><strong>quosdam</strong></span> <span class='ocrx_word' id='word_1_184' title='bbox 1266 2272 1295 2324; x_wconf 90' lang='lat' dir='ltr'><strong>et</strong></span> <span class='ocrx_word' id='word_1_185' title='bbox 1318 2265 1399 2325; x_wconf 92' lang='lat' dir='ltr'><strong>bono</strong></span> <span class='ocrx_word' id='word_1_186' title='bbox 1422 2265 1485 2326; x_wconf 94' lang='lat' dir='ltr'><strong>loco</strong></span> <span class='ocrx_word' id='word_1_187' title='bbox 1505 2283 1543 2325; x_wconf 88' lang='lat' dir='ltr'><strong>na·</strong></span> 
     </span>
     <span class='ocr_line' id='line_1_20' title="bbox 266 2363 1542 2444; baseline -0.002 -17"><span class='ocrx_word' id='word_1_188' title='bbox 266 2376 312 2427; x_wconf 87' lang='lat' dir='ltr'><strong>tos</strong></span> <span class='ocrx_word' id='word_1_189' title='bbox 334 2367 448 2427; x_wconf 81' lang='lat' dir='ltr'><strong>referre</strong></span> <span class='ocrx_word' id='word_1_190' title='bbox 469 2364 535 2433; x_wconf 85' lang='lat' dir='ltr'><strong>tibi,</strong></span> <span class='ocrx_word' id='word_1_191' title='bbox 566 2366 615 2443; x_wconf 87' lang='lat' dir='ltr'><strong>qui</strong></span> <span class='ocrx_word' id='word_1_192' title='bbox 638 2364 676 2425; x_wconf 90' lang='lat' dir='ltr'><strong>oh</strong></span> <span class='ocrx_word' id='word_1_193' title='bbox 699 2363 796 2425; x_wconf 87' lang='lat' dir='ltr'><strong>scelus</strong></span> <span class='ocrx_word' id='word_1_194' title='bbox 816 2383 933 2443; x_wconf 51' lang='lat' dir='ltr'><strong>‘plenam</strong></span> <span class='ocrx_word' id='word_1_195' title='bbox 957 2365 1118 2434; x_wconf 84' lang='lat' dir='ltr'><strong>dederunt.</strong></span> <span class='ocrx_word' id='word_1_196' title='bbox 1149 2383 1246 2443; x_wconf 87' lang='lat' dir='ltr'><strong>neque</strong></span> <span class='ocrx_word' id='word_1_197' title='bbox 1268 2364 1387 2426; x_wconf 93' lang='lat' dir='ltr'><strong>illorum</strong></span> <span class='ocrx_word' id='word_1_198' title='bbox 1412 2368 1542 2444; x_wconf 80' lang='lat' dir='ltr'><strong>cognatio</strong></span> 
     </span>
     <span class='ocr_line' id='line_1_21' title="bbox 266 2464 1564 2546; baseline -0.002 -17"><span class='ocrx_word' id='word_1_199' title='bbox 266 2487 319 2529; x_wconf 86' lang='lat' dir='ltr'><strong>nes</strong></span> <span class='ocrx_word' id='word_1_200' title='bbox 341 2475 369 2528; x_wconf 91' lang='lat' dir='ltr'><strong>et</strong></span> <span class='ocrx_word' id='word_1_201' title='bbox 390 2466 475 2527; x_wconf 87' lang='lat' dir='ltr'><strong>amici</strong></span> <span class='ocrx_word' id='word_1_202' title='bbox 497 2466 676 2545; x_wconf 77' lang='lat' dir='ltr'><strong>iniquissime</strong></span> <span class='ocrx_word' id='word_1_203' title='bbox 691 2466 754 2526; x_wconf 86' lang='lat' dir='ltr'><strong>lroo</strong></span> <span class='ocrx_word' id='word_1_204' title='bbox 775 2464 925 2527; x_wconf 90' lang='lat' dir='ltr'><strong>tulerunt:</strong></span> <span class='ocrx_word' id='word_1_205' title='bbox 955 2466 1087 2528; x_wconf 80' lang='lat' dir='ltr'><strong>sciebant</strong></span> <span class='ocrx_word' id='word_1_206' title='bbox 1113 2469 1191 2527; x_wconf 92' lang='lat' dir='ltr'><strong>euim</strong></span> <span class='ocrx_word' id='word_1_207' title='bbox 1218 2469 1363 2527; x_wconf 88' lang='lat' dir='ltr'><strong>meruisse</strong></span> <span class='ocrx_word' id='word_1_208' title='bbox 1394 2469 1471 2546; x_wconf 88' lang='lat' dir='ltr'><strong>quod</strong></span> <span class='ocrx_word' id='word_1_209' title='bbox 1492 2477 1564 2528; x_wconf 72' lang='lat' dir='ltr'><strong>ere-t</strong></span> 
     </span>
     <span class='ocr_line' id='line_1_22' title="bbox 265 2567 1542 2648; baseline -0.004 -19"><span class='ocrx_word' id='word_1_210' title='bbox 265 2577 364 2630; x_wconf 83' lang='lat' dir='ltr'><strong>uerat:</strong></span> <span class='ocrx_word' id='word_1_211' title='bbox 394 2567 431 2626; x_wconf 82' lang='lat' dir='ltr'><strong>oo</strong></span> <span class='ocrx_word' id='word_1_212' title='bbox 461 2567 548 2645; x_wconf 84' lang='lat' dir='ltr'><strong>idque</strong></span> <span class='ocrx_word' id='word_1_213' title='bbox 576 2567 657 2645; x_wconf 89' lang='lat' dir='ltr'><strong>siqua</strong></span> <span class='ocrx_word' id='word_1_214' title='bbox 687 2585 719 2628; x_wconf 89' lang='lat' dir='ltr'><strong>se</strong></span> <span class='ocrx_word' id='word_1_215' title='bbox 748 2568 843 2645; x_wconf 87' lang='lat' dir='ltr'><strong>primo</strong></span> <span class='ocrx_word' id='word_1_216' title='bbox 866 2570 961 2627; x_wconf 90' lang='lat' dir='ltr'><strong>statim</strong></span> <span class='ocrx_word' id='word_1_217' title='bbox 985 2569 1140 2648; x_wconf 85' lang='lat' dir='ltr'><strong>commotio</strong></span> <span class='ocrx_word' id='word_1_218' title='bbox 1163 2568 1300 2636; x_wconf 88' lang='lat' dir='ltr'><strong>dederat,</strong></span> <span class='ocrx_word' id='word_1_219' title='bbox 1325 2567 1412 2628; x_wconf 88' lang='lat' dir='ltr'><strong>lacile</strong></span> <span class='ocrx_word' id='word_1_220' title='bbox 1434 2577 1496 2648; x_wconf 86' lang='lat' dir='ltr'><strong>post</strong></span> <span class='ocrx_word' id='word_1_221' title='bbox 1520 2585 1542 2626; x_wconf 88' lang='lat' dir='ltr'><strong>ra</strong></span> 
     </span>
     <span class='ocr_line' id='line_1_23' title="bbox 266 2669 1403 2750; baseline -0.003 -19"><span class='ocrx_word' id='word_1_222' title='bbox 266 2688 412 2750; x_wconf 86' lang='lat' dir='ltr'><strong>perpensa</strong></span> <span class='ocrx_word' id='word_1_223' title='bbox 434 2669 615 2746; x_wconf 84' lang='lat' dir='ltr'><strong>conqulerit,</strong></span> <span class='ocrx_word' id='word_1_224' title='bbox 638 2675 726 2746; x_wconf 77' lang='lat' dir='ltr'><strong>atque</strong></span> <span class='ocrx_word' id='word_1_225' title='bbox 748 2669 785 2728; x_wconf 94' lang='lat' dir='ltr'><strong>ita</strong></span> <span class='ocrx_word' id='word_1_226' title='bbox 809 2669 926 2730; x_wconf 88' lang='lat' dir='ltr'><strong>tandem</strong></span> <span class='ocrx_word' id='word_1_227' title='bbox 949 2669 1165 2730; x_wconf 81' lang='lat' dir='ltr'><strong>oblivione&#39;res</strong></span> <span class='ocrx_word' id='word_1_228' title='bbox 1189 2670 1325 2731; x_wconf 85' lang='lat' dir='ltr'><strong>damnata</strong></span> <span class='ocrx_word' id='word_1_229' title='bbox 1348 2677 1403 2730; x_wconf 86' lang='lat' dir='ltr'><strong>est.</strong></span> 
     </span>
     <span class='ocr_line' id='line_1_24' title="bbox 265 2769 1540 2855; baseline 0.001 -25"><span class='ocrx_word' id='word_1_230' title='bbox 265 2769 411 2848; x_wconf 53' lang='lat' dir='ltr'><strong>ffl‘g‘gfflssfl‘</strong></span> <span class='ocrx_word' id='word_1_231' title='bbox 435 2772 442 2842; x_wconf 95' lang='grc' dir='ltr'>Ι</span> <span class='ocrx_word' id='word_1_232' title='bbox 507 2783 683 2855; x_wconf 67' lang='lat' dir='ltr'><strong>upaoaroa.</strong></span> <span class='ocrx_word' id='word_1_233' title='bbox 711 2769 785 2836; x_wconf 77' lang='lat' dir='ltr'><strong>,Nou</strong></span> <span class='ocrx_word' id='word_1_234' title='bbox 808 2777 851 2829; x_wconf 91' lang='lat' dir='ltr'><strong>est</strong></span> <span class='ocrx_word' id='word_1_235' title='bbox 873 2788 1012 2848; x_wconf 89' lang='lat' dir='ltr'><strong>maguum</strong></span> <span class='ocrx_word' id='word_1_236' title='bbox 1035 2789 1105 2831; x_wconf 85' lang='lat' dir='ltr'><strong>vero</strong></span> <span class='ocrx_word' id='word_1_237' title='bbox 1127 2770 1256 2831; x_wconf 81' lang='lat' dir='ltr'><strong>dedecus</strong></span> <span class='ocrx_word' id='word_1_238' title='bbox 1270 2771 1395 2831; x_wconf 77' lang='lat' dir='ltr'><strong>inveniri</strong></span> <span class='ocrx_word' id='word_1_239' title='bbox 1412 2771 1540 2832; x_wconf 84' lang='lat' dir='ltr'><strong>homiuem</strong></span> 
     </span>
     <span class='ocr_line' id='line_1_25' title="bbox 267 2871 839 2952; baseline -0.007 -19"><span class='ocrx_word' id='word_1_240' title='bbox 267 2873 396 2935; x_wconf 87' lang='lat' dir='ltr'><strong>nobilem</strong></span> <span class='ocrx_word' id='word_1_241' title='bbox 419 2873 469 2952; x_wconf 88' lang='lat' dir='ltr'><strong>qui</strong></span> <span class='ocrx_word' id='word_1_242' title='bbox 490 2871 673 2931; x_wconf 78' lang='lat' dir='ltr'><strong>latrocinium</strong></span> <span class='ocrx_word' id='word_1_243' title='bbox 698 2871 839 2931; x_wconf 79' lang='lat' dir='ltr'><strong>leceritl&#39;</strong></span> 
     </span>
     <span class='ocr_line' id='line_1_26' title="bbox 330 2970 1563 3052; baseline -0.004 -16"><span class='ocrx_word' id='word_1_244' title='bbox 330 2992 529 3036; x_wconf 79' lang='lat' dir='ltr'><strong>rnancrscvs.</strong></span> <span class='ocrx_word' id='word_1_245' title='bbox 567 2971 608 3031; x_wconf 88' lang='lat' dir='ltr'><strong>lta</strong></span> <span class='ocrx_word' id='word_1_246' title='bbox 632 2988 785 3049; x_wconf 84' lang='lat' dir='ltr'><strong>magnum,</strong></span> <span class='ocrx_word' id='word_1_247' title='bbox 809 2980 841 3031; x_wconf 88' lang='lat' dir='ltr'><strong>ut</strong></span> <span class='ocrx_word' id='word_1_248' title='bbox 862 2972 948 3049; x_wconf 89' lang='lat' dir='ltr'><strong>primi</strong></span> <span class='ocrx_word' id='word_1_249' title='bbox 971 2991 1038 3041; x_wconf 88' lang='lat' dir='ltr'><strong>nos,</strong></span> <span class='ocrx_word' id='word_1_250' title='bbox 1063 2975 1112 3052; x_wconf 86' lang='lat' dir='ltr'><strong>qui</strong></span> <span class='ocrx_word' id='word_1_251' title='bbox 1135 2981 1193 3032; x_wconf 86' lang='lat' dir='ltr'><strong>lam</strong></span> <span class='ocrx_word' id='word_1_252' title='bbox 1215 2975 1344 3051; x_wconf 86' lang='lat' dir='ltr'><strong>suspecti</strong></span> <span class='ocrx_word' id='word_1_253' title='bbox 1366 2992 1469 3048; x_wconf 88' lang='lat' dir='ltr'><strong>sumus</strong></span> <span class='ocrx_word' id='word_1_254' title='bbox 1489 2970 1563 3033; x_wconf 69' lang='lat' dir='ltr'><strong>tacis</strong></span> 
     </span>
     <span class='ocr_line' id='line_1_27' title="bbox 266 3072 1542 3153; baseline -0.005 -17"><span class='ocrx_word' id='word_1_255' title='bbox 266 3076 333 3145; x_wconf 88' lang='lat' dir='ltr'><strong>tibi,</strong></span> <span class='ocrx_word' id='word_1_256' title='bbox 359 3075 513 3136; x_wconf 85' lang='lat' dir='ltr'><strong>serendum</strong></span> <span class='ocrx_word' id='word_1_257' title='bbox 534 3091 594 3133; x_wconf 91' lang='lat' dir='ltr'><strong>uon</strong></span> <span class='ocrx_word' id='word_1_258' title='bbox 617 3079 769 3151; x_wconf 85' lang='lat' dir='ltr'><strong>putemus:</strong></span> <span class='ocrx_word' id='word_1_259' title='bbox 793 3075 999 3151; x_wconf 70' lang='lat' dir='ltr'><strong>persequimur</strong></span> <span class='ocrx_word' id='word_1_260' title='bbox 1022 3075 1099 3134; x_wconf 79' lang='lat' dir='ltr'><strong>anun</strong></span> <span class='ocrx_word' id='word_1_261' title='bbox 1122 3075 1190 3134; x_wconf 90' lang='lat' dir='ltr'><strong>odio</strong></span> <span class='ocrx_word' id='word_1_262' title='bbox 1214 3076 1264 3151; x_wconf 85' lang='lat' dir='ltr'><strong>qui</strong></span> <span class='ocrx_word' id='word_1_263' title='bbox 1287 3075 1345 3135; x_wconf 88' lang='lat' dir='ltr'><strong>tale</strong></span> <span class='ocrx_word' id='word_1_264' title='bbox 1361 3076 1432 3153; x_wconf 83' lang='lat' dir='ltr'><strong>quid</strong></span> <span class='ocrx_word' id='word_1_265' title='bbox 1448 3072 1542 3136; x_wconf 85' lang='lat' dir='ltr'><strong>consci-</strong></span> 
     </span>
     <span class='ocr_line' id='line_1_28' title="bbox 266 3164 1543 3253; baseline -0.005 -15"><span class='ocrx_word' id='word_1_266' title='bbox 266 3185 386 3247; x_wconf 82' lang='lat' dir='ltr'><strong>verunt,</strong></span> <span class='ocrx_word' id='word_1_267' title='bbox 414 3184 446 3237; x_wconf 91' lang='lat' dir='ltr'><strong>ut</strong></span> <span class='ocrx_word' id='word_1_268' title='bbox 474 3194 561 3235; x_wconf 90' lang='lat' dir='ltr'><strong>nemo</strong></span> <span class='ocrx_word' id='word_1_269' title='bbox 593 3173 667 3234; x_wconf 91' lang='lat' dir='ltr'><strong>alius</strong></span> <span class='ocrx_word' id='word_1_270' title='bbox 690 3164 818 3243; x_wconf 84' lang='lat' dir='ltr'><strong>insenso,</strong></span> <span class='ocrx_word' id='word_1_271' title='bbox 847 3182 934 3253; x_wconf 87' lang='lat' dir='ltr'><strong>atque</strong></span> <span class='ocrx_word' id='word_1_272' title='bbox 957 3175 1061 3238; x_wconf 87' lang='lat' dir='ltr'><strong>ordine</strong></span> <span class='ocrx_word' id='word_1_273' title='bbox 1083 3170 1253 3242; x_wconf 78' lang='lat' dir='ltr'><strong>emovemus</strong></span> <span class='ocrx_word' id='word_1_274' title='bbox 1273 3184 1303 3237; x_wconf 90' lang='lat' dir='ltr'><strong>et</strong></span> <span class='ocrx_word' id='word_1_275' title='bbox 1326 3176 1493 3238; x_wconf 76' lang='lat' dir='ltr'><strong>affinitatem</strong></span> <span class='ocrx_word' id='word_1_276' title='bbox 1513 3183 1543 3233; x_wconf 85' lang='lat' dir='ltr'><strong>ta·</strong></span> 
     </span>
     <span class='ocr_line' id='line_1_29' title="bbox 267 3278 1343 3360; baseline -0.001 -23"><span class='ocrx_word' id='word_1_277' title='bbox 267 3278 337 3341; x_wconf 90' lang='lat' dir='ltr'><strong>lium</strong></span> <span class='ocrx_word' id='word_1_278' title='bbox 360 3279 497 3355; x_wconf 79' lang='lat' dir='ltr'><strong>sugimus.</strong></span> <span class='ocrx_word' id='word_1_279' title='bbox 1076 3286 1078 3290; x_wconf 72' lang='grc'><strong>“</strong></span> <span class='ocrx_word' id='word_1_280' title='bbox 1339 3355 1343 3360; x_wconf 12' lang='grc' dir='ltr'><strong><em>Δ</em></strong></span> 
     </span>
     <span class='ocr_line' id='line_1_30' title="bbox 200 3375 1544 3457; baseline -0.001 -18"><span class='ocrx_word' id='word_1_281' title='bbox 200 3382 257 3431; x_wconf 55' lang='lat'><strong>9⁸²⁶·</strong></span> <span class='ocrx_word' id='word_1_282' title='bbox 330 3399 507 3440; x_wconf 67' lang='lat' dir='ltr'><strong>macaron.</strong></span> <span class='ocrx_word' id='word_1_283' title='bbox 545 3375 660 3436; x_wconf 87' lang='lat' dir='ltr'><strong>Utinam</strong></span> <span class='ocrx_word' id='word_1_284' title='bbox 683 3384 827 3454; x_wconf 87' lang='lat' dir='ltr'><strong>perpetuo</strong></span> <span class='ocrx_word' id='word_1_285' title='bbox 849 3377 959 3436; x_wconf 82' lang='lat' dir='ltr'><strong>faciatis</strong></span> <span class='ocrx_word' id='word_1_286' title='bbox 981 3377 1046 3438; x_wconf 85' lang='lat' dir='ltr'><strong>lroc.</strong></span> <span class='ocrx_word' id='word_1_287' title='bbox 1085 3396 1186 3439; x_wconf 89' lang='lat' dir='ltr'><strong>verum</strong></span> <span class='ocrx_word' id='word_1_288' title='bbox 1202 3388 1283 3448; x_wconf 88' lang='lat' dir='ltr'><strong>sunt,</strong></span> <span class='ocrx_word' id='word_1_289' title='bbox 1307 3380 1388 3457; x_wconf 86' lang='lat' dir='ltr'><strong>quod</strong></span> <span class='ocrx_word' id='word_1_290' title='bbox 1412 3383 1463 3448; x_wconf 75' lang='lat' dir='ltr'><strong>ais</strong></span> <span class='ocrx_word' id='word_1_291' title='bbox 1478 3395 1544 3456; x_wconf 61' lang='lat' dir='ltr'><strong>‚prae</strong></span> 
     </span>
     <span class='ocr_line' id='line_1_31' title="bbox 267 3476 1566 3560; baseline -0.002 -19"><span class='ocrx_word' id='word_1_292' title='bbox 267 3481 359 3541; x_wconf 91' lang='lat' dir='ltr'><strong>dones</strong></span> <span class='ocrx_word' id='word_1_293' title='bbox 380 3482 448 3539; x_wconf 92' lang='lat' dir='ltr'><strong>item</strong></span> <span class='ocrx_word' id='word_1_294' title='bbox 471 3477 537 3539; x_wconf 84' lang='lat' dir='ltr'><strong>aliil</strong></span> <span class='ocrx_word' id='word_1_295' title='bbox 559 3486 588 3538; x_wconf 90' lang='lat' dir='ltr'><strong>et</strong></span> <span class='ocrx_word' id='word_1_296' title='bbox 610 3495 683 3556; x_wconf 86' lang='lat' dir='ltr'><strong>quos</strong></span> <span class='ocrx_word' id='word_1_297' title='bbox 705 3496 798 3556; x_wconf 86' lang='lat' dir='ltr'><strong>neque</strong></span> <span class='ocrx_word' id='word_1_298' title='bbox 820 3476 911 3555; x_wconf 91' lang='lat' dir='ltr'><strong>pudet</strong></span> <span class='ocrx_word' id='word_1_299' title='bbox 932 3478 1030 3557; x_wconf 85' lang='lat' dir='ltr'><strong>llagitii</strong></span> <span class='ocrx_word' id='word_1_300' title='bbox 1052 3483 1149 3560; x_wconf 74' lang='lat' dir='ltr'><strong>neqm</strong></span> <span class='ocrx_word' id='word_1_301' title='bbox 1170 3498 1254 3558; x_wconf 78' lang='lat' dir='ltr'><strong>plana</strong></span> <span class='ocrx_word' id='word_1_302' title='bbox 1271 3482 1417 3541; x_wconf 75' lang='lat' dir='ltr'><strong>vcoercetl</strong></span> <span class='ocrx_word' id='word_1_303' title='bbox 1549 3481 1566 3523; x_wconf 76' lang='lat'><strong>³⁰</strong></span> 
     </span>
     <span class='ocr_line' id='line_1_32' title="bbox 331 3578 1547 3661; baseline -0.004 -20"><span class='ocrx_word' id='word_1_304' title='bbox 331 3599 532 3642; x_wconf 72' lang='lat' dir='ltr'><strong>snasesscvs.</strong></span> <span class='ocrx_word' id='word_1_305' title='bbox 571 3578 673 3638; x_wconf 84' lang='lat' dir='ltr'><strong>Trium</strong></span> <span class='ocrx_word' id='word_1_306' title='bbox 696 3596 838 3655; x_wconf 82' lang='lat' dir='ltr'><strong>genermn</strong></span> <span class='ocrx_word' id='word_1_307' title='bbox 861 3588 944 3640; x_wconf 88' lang='lat' dir='ltr'><strong>sunt:</strong></span> <span class='ocrx_word' id='word_1_308' title='bbox 972 3597 1079 3659; x_wconf 89' lang='lat' dir='ltr'><strong>uempe</strong></span> <span class='ocrx_word' id='word_1_309' title='bbox 1102 3581 1149 3642; x_wconf 88' lang='lat' dir='ltr'><strong>alii</strong></span> <span class='ocrx_word' id='word_1_310' title='bbox 1173 3583 1202 3640; x_wconf 89' lang='lat' dir='ltr'><strong>iu</strong></span> <span class='ocrx_word' id='word_1_311' title='bbox 1224 3582 1382 3642; x_wconf 85' lang='lat' dir='ltr'><strong>Germania</strong></span> <span class='ocrx_word' id='word_1_312' title='bbox 1407 3583 1547 3661; x_wconf 61' lang='lat' dir='ltr'><strong>predones</strong></span> 
     </span>
     <span class='ocr_line' id='line_1_33' title="bbox 269 3679 1547 3763; baseline 0 -21"><span class='ocrx_word' id='word_1_313' title='bbox 269 3700 386 3749; x_wconf 88' lang='lat' dir='ltr'><strong>omnes,</strong></span> <span class='ocrx_word' id='word_1_314' title='bbox 411 3689 519 3760; x_wconf 75' lang='lat' dir='ltr'><strong>praeter</strong></span> <span class='ocrx_word' id='word_1_315' title='bbox 540 3679 720 3740; x_wconf 88' lang='lat' dir='ltr'><strong>latrunculos</strong></span> <span class='ocrx_word' id='word_1_316' title='bbox 743 3680 797 3739; x_wconf 91' lang='lat' dir='ltr'><strong>hos</strong></span> <span class='ocrx_word' id='word_1_317' title='bbox 820 3699 945 3758; x_wconf 91' lang='lat' dir='ltr'><strong>quorum</strong></span> <span class='ocrx_word' id='word_1_318' title='bbox 969 3681 1091 3742; x_wconf 87' lang='lat' dir='ltr'><strong>lecimus</strong></span> <span class='ocrx_word' id='word_1_319' title='bbox 1113 3684 1306 3750; x_wconf 85' lang='lat' dir='ltr'><strong>mentionem,</strong></span> <span class='ocrx_word' id='word_1_320' title='bbox 1338 3701 1437 3763; x_wconf 86' lang='lat' dir='ltr'><strong>neque</strong></span> <span class='ocrx_word' id='word_1_321' title='bbox 1461 3693 1547 3761; x_wconf 86' lang='lat' dir='ltr'><strong>paten-</strong></span> 
     </span>
     <span class='ocr_line' id='line_1_34' title="bbox 233 3781 1547 3863; baseline 0 -21"><span class='ocrx_word' id='word_1_322' title='bbox 233 3810 235 3813; x_wconf 95' lang='lat'>·</span> <span class='ocrx_word' id='word_1_323' title='bbox 267 3792 312 3844; x_wconf 91' lang='lat' dir='ltr'><strong>ter</strong></span> <span class='ocrx_word' id='word_1_324' title='bbox 335 3784 453 3860; x_wconf 89' lang='lat' dir='ltr'><strong>rapiunt</strong></span> <span class='ocrx_word' id='word_1_325' title='bbox 475 3800 570 3859; x_wconf 83' lang='lat' dir='ltr'><strong>neque</strong></span> <span class='ocrx_word' id='word_1_326' title='bbox 592 3782 706 3849; x_wconf 89' lang='lat' dir='ltr'><strong>timide,</strong></span> <span class='ocrx_word' id='word_1_327' title='bbox 730 3781 781 3840; x_wconf 89' lang='lat' dir='ltr'><strong>sed</strong></span> <span class='ocrx_word' id='word_1_328' title='bbox 805 3782 929 3859; x_wconf 86' lang='lat' dir='ltr'><strong>quadam</strong></span> <span class='ocrx_word' id='word_1_329' title='bbox 946 3790 1070 3844; x_wconf 84' lang='lat' dir='ltr'><strong>utuntur</strong></span> <span class='ocrx_word' id='word_1_330' title='bbox 1082 3783 1122 3844; x_wconf 90' lang='lat' dir='ltr'><strong>ibi</strong></span> <span class='ocrx_word' id='word_1_331' title='bbox 1137 3783 1254 3845; x_wconf 81' lang='lat' dir='ltr'><strong>licentia</strong></span> <span class='ocrx_word' id='word_1_332' title='bbox 1269 3784 1465 3854; x_wconf 80' lang='lat' dir='ltr'><strong>confidenter,</strong></span> <span class='ocrx_word' id='word_1_333' title='bbox 1488 3802 1547 3863; x_wconf 88' lang='lat' dir='ltr'><strong>qua·</strong></span> 
     </span>
     <span class='ocr_line' id='line_1_35' title="bbox 267 3882 1548 3963; baseline 0 -19"><span class='ocrx_word' id='word_1_334' title='bbox 267 3888 350 3963; x_wconf 85' lang='lat' dir='ltr'><strong>sique</strong></span> <span class='ocrx_word' id='word_1_335' title='bbox 373 3884 475 3956; x_wconf 73' lang='lat' dir='ltr'><strong>deceat</strong></span> <span class='ocrx_word' id='word_1_336' title='bbox 503 3883 560 3943; x_wconf 89' lang='lat' dir='ltr'><strong>hoe</strong></span> <span class='ocrx_word' id='word_1_337' title='bbox 588 3884 666 3961; x_wconf 81' lang='lat' dir='ltr'><strong>quod</strong></span> <span class='ocrx_word' id='word_1_338' title='bbox 693 3884 822 3954; x_wconf 75' lang='lat' dir='ltr'><strong>iaciunt,</strong></span> <span class='ocrx_word' id='word_1_339' title='bbox 853 3882 923 3942; x_wconf 89' lang='lat' dir='ltr'><strong>nihil</strong></span> <span class='ocrx_word' id='word_1_340' title='bbox 951 3891 1104 3953; x_wconf 88' lang='lat' dir='ltr'><strong>verentur,</strong></span> <span class='ocrx_word' id='word_1_341' title='bbox 1132 3885 1282 3946; x_wconf 87' lang='lat' dir='ltr'><strong>neminem</strong></span> <span class='ocrx_word' id='word_1_342' title='bbox 1312 3894 1428 3945; x_wconf 89' lang='lat' dir='ltr'><strong>curant.</strong></span> <span class='ocrx_word' id='word_1_343' title='bbox 1474 3887 1548 3945; x_wconf 83' lang='lat' dir='ltr'><strong>etiam</strong></span> 
     </span>
     <span class='ocr_line' id='line_1_36' title="bbox 267 3983 1572 4065; baseline -0.002 -19"><span class='ocrx_word' id='word_1_344' title='bbox 267 3986 342 4046; x_wconf 84' lang='lat' dir='ltr'><strong>urale</strong></span> <span class='ocrx_word' id='word_1_345' title='bbox 365 4003 423 4045; x_wconf 92' lang='lat' dir='ltr'><strong>nou</strong></span> <span class='ocrx_word' id='word_1_346' title='bbox 446 3984 569 4044; x_wconf 87' lang='lat' dir='ltr'><strong>audiunt</strong></span> <span class='ocrx_word' id='word_1_347' title='bbox 590 3983 627 4044; x_wconf 92' lang='lat' dir='ltr'><strong>ob</strong></span> <span class='ocrx_word' id='word_1_348' title='bbox 650 3983 852 4051; x_wconf 78' lang='lat' dir='ltr'><strong>malefactum,</strong></span> <span class='ocrx_word' id='word_1_349' title='bbox 876 3983 927 4044; x_wconf 89' lang='lat' dir='ltr'><strong>sed</strong></span> <span class='ocrx_word' id='word_1_350' title='bbox 949 3983 1046 4043; x_wconf 92' lang='lat' dir='ltr'><strong>houor</strong></span> <span class='ocrx_word' id='word_1_351' title='bbox 1067 3992 1113 4045; x_wconf 82' lang='lat' dir='ltr'><strong>est</strong></span> <span class='ocrx_word' id='word_1_352' title='bbox 1133 3985 1310 4054; x_wconf 89' lang='lat' dir='ltr'><strong>hominibus,</strong></span> <span class='ocrx_word' id='word_1_353' title='bbox 1335 3993 1364 4046; x_wconf 89' lang='lat' dir='ltr'><strong>et</strong></span> <span class='ocrx_word' id='word_1_354' title='bbox 1379 3986 1572 4065; x_wconf 62' lang='lat' dir='ltr'><strong>dimensio-⁸⁵</strong></span> 
     </span>
     <span class='ocr_line' id='line_1_37' title="bbox 267 4083 989 4167; baseline -0.004 -21"><span class='ocrx_word' id='word_1_355' title='bbox 267 4086 338 4148; x_wconf 90' lang='lat' dir='ltr'><strong>bent</strong></span> <span class='ocrx_word' id='word_1_356' title='bbox 360 4086 466 4167; x_wconf 84' lang='lat' dir='ltr'><strong>quibus</strong></span> <span class='ocrx_word' id='word_1_357' title='bbox 488 4085 666 4163; x_wconf 86' lang='lat' dir='ltr'><strong>voluptatem</strong></span> <span class='ocrx_word' id='word_1_358' title='bbox 688 4083 744 4144; x_wconf 88' lang='lat' dir='ltr'><strong>sihi</strong></span> <span class='ocrx_word' id='word_1_359' title='bbox 766 4092 947 4160; x_wconf 90' lang='lat' dir='ltr'><strong>comparant.</strong></span> <span class='ocrx_word' id='word_1_360' title='bbox 986 4130 989 4136; x_wconf 88' lang='lat'>.</span> 
     </span>
     <span class='ocr_line' id='line_1_38' title="bbox 329 4185 1547 4266; baseline -0.004 -17"><span class='ocrx_word' id='word_1_361' title='bbox 329 4207 506 4249; x_wconf 70' lang='lat' dir='ltr'><strong>macaron.</strong></span> <span class='ocrx_word' id='word_1_362' title='bbox 544 4187 623 4264; x_wconf 77' lang='lat' dir='ltr'><strong>Ergo</strong></span> <span class='ocrx_word' id='word_1_363' title='bbox 652 4185 792 4262; x_wconf 83' lang='lat' dir='ltr'><strong>llagltium</strong></span> <span class='ocrx_word' id='word_1_364' title='bbox 821 4202 879 4244; x_wconf 88' lang='lat' dir='ltr'><strong>uon</strong></span> <span class='ocrx_word' id='word_1_365' title='bbox 904 4192 969 4255; x_wconf 86' lang='lat' dir='ltr'><strong>est,</strong></span> <span class='ocrx_word' id='word_1_366' title='bbox 1004 4204 1100 4264; x_wconf 86' lang='lat' dir='ltr'><strong>neque</strong></span> <span class='ocrx_word' id='word_1_367' title='bbox 1128 4187 1223 4246; x_wconf 88' lang='lat' dir='ltr'><strong>scelus</strong></span> <span class='ocrx_word' id='word_1_368' title='bbox 1251 4196 1296 4248; x_wconf 85' lang='lat' dir='ltr'><strong>est</strong></span> <span class='ocrx_word' id='word_1_369' title='bbox 1324 4189 1403 4266; x_wconf 87' lang='lat' dir='ltr'><strong>quod</strong></span> <span class='ocrx_word' id='word_1_370' title='bbox 1434 4189 1547 4249; x_wconf 84' lang='lat' dir='ltr'><strong>iaciunt:</strong></span> 
     </span>
     <span class='ocr_line' id='line_1_39' title="bbox 266 4287 1547 4368; baseline 0 -22"><span class='ocrx_word' id='word_1_371' title='bbox 266 4305 335 4349; x_wconf 88' lang='lat' dir='ltr'><strong>nam</strong></span> <span class='ocrx_word' id='word_1_372' title='bbox 358 4290 381 4347; x_wconf 90' lang='lat' dir='ltr'><strong>si</strong></span> <span class='ocrx_word' id='word_1_373' title='bbox 404 4296 493 4368; x_wconf 84' lang='lat' dir='ltr'><strong>esset,</strong></span> <span class='ocrx_word' id='word_1_374' title='bbox 519 4304 666 4366; x_wconf 85' lang='lat' dir='ltr'><strong>nunquam</strong></span> <span class='ocrx_word' id='word_1_375' title='bbox 683 4295 754 4365; x_wconf 93' lang='lat' dir='ltr'><strong>puto</strong></span> <span class='ocrx_word' id='word_1_376' title='bbox 769 4287 812 4347; x_wconf 90' lang='lat' dir='ltr'><strong>sic</strong></span> <span class='ocrx_word' id='word_1_377' title='bbox 826 4287 1038 4347; x_wconf 83' lang='lat' dir='ltr'><strong>assentirentur</strong></span> <span class='ocrx_word' id='word_1_378' title='bbox 1054 4305 1172 4355; x_wconf 84' lang='lat' dir='ltr'><strong>omnes,</strong></span> <span class='ocrx_word' id='word_1_379' title='bbox 1197 4306 1293 4366; x_wconf 87' lang='lat' dir='ltr'><strong>neque</strong></span> <span class='ocrx_word' id='word_1_380' title='bbox 1308 4290 1363 4348; x_wconf 89' lang='lat' dir='ltr'><strong>ista</strong></span> <span class='ocrx_word' id='word_1_381' title='bbox 1379 4298 1458 4350; x_wconf 86' lang='lat' dir='ltr'><strong>esset</strong></span> <span class='ocrx_word' id='word_1_382' title='bbox 1473 4288 1547 4363; x_wconf 79' lang='lat' dir='ltr'><strong>vulgo</strong></span> 
     </span>
     <span class='ocr_line' id='line_1_40' title="bbox 266 4390 412 4465; baseline -0.007 -18"><span class='ocrx_word' id='word_1_383' title='bbox 266 4390 412 4465; x_wconf 84' lang='lat' dir='ltr'><strong>patientia.</strong></span> 
     </span>
    </p>
   </div>
   <div class='ocr_carea' id='block_1_3' title="bbox 267 4585 1543 4738">
    <p class='ocr_par' dir='ltr' id='par_1_3' title="bbox 267 4585 1543 4738">
     <span class='ocr_line' id='line_1_41' title="bbox 336 4585 1543 4656; baseline -0.002 -18"><span class='ocrx_word' id='word_1_384' title='bbox 336 4587 354 4621; x_wconf 87' lang='lat'><strong>¹¹</strong></span> <span class='ocrx_word' id='word_1_385' title='bbox 375 4591 493 4639; x_wconf 80' lang='lat' dir='ltr'><strong>eodds&#39;di</strong></span> <span class='ocrx_word' id='word_1_386' title='bbox 509 4606 544 4640; x_wconf 74' lang='lat' dir='ltr'><strong>ex</strong></span> <span class='ocrx_word' id='word_1_387' title='bbox 557 4592 620 4640; x_wconf 82' lang='lat' dir='ltr'><strong>Ter.</strong></span> <span class='ocrx_word' id='word_1_388' title='bbox 635 4593 703 4640; x_wconf 78' lang='lat' dir='ltr'><strong>liun.</strong></span> <span class='ocrx_word' id='word_1_389' title='bbox 717 4590 767 4640; x_wconf 91' lang='lat'>111.</span> <span class='ocrx_word' id='word_1_390' title='bbox 781 4589 805 4649; x_wconf 77' lang='lat'><strong>2,</strong></span> <span class='ocrx_word' id='word_1_391' title='bbox 815 4601 847 4642; x_wconf 68' lang='lat' dir='ltr'><strong>ts,</strong></span> <span class='ocrx_word' id='word_1_392' title='bbox 863 4592 898 4640; x_wconf 85' lang='lat' dir='ltr'><strong>cf.</strong></span> <span class='ocrx_word' id='word_1_393' title='bbox 913 4590 1015 4640; x_wconf 65' lang='lat' dir='ltr'><strong>Catuli„</strong></span> <span class='ocrx_word' id='word_1_394' title='bbox 1028 4589 1062 4639; x_wconf 82' lang='grc'><strong>59</strong></span> <span class='ocrx_word' id='word_1_395' title='bbox 1075 4587 1140 4656; x_wconf 73' lang='lat' dir='ltr'><strong>[loll.</strong></span> <span class='ocrx_word' id='word_1_396' title='bbox 1200 4589 1375 4640; x_wconf 50' lang='lat' dir='ltr'><strong>”mustene</strong></span> <span class='ocrx_word' id='word_1_397' title='bbox 1388 4592 1468 4641; x_wconf 81' lang='lat' dir='ltr'><strong>Diebe</strong></span> <span class='ocrx_word' id='word_1_398' title='bbox 1479 4585 1543 4640; x_wconf 71' lang='lat' dir='ltr'><strong>lellt</strong></span> 
     </span>
     <span class='ocr_line' id='line_1_42' title="bbox 267 4673 911 4738; baseline 0.011 -21"><span class='ocrx_word' id='word_1_399' title='bbox 267 4687 330 4726; x_wconf 74' lang='lat' dir='ltr'><strong>arran,</strong></span> <span class='ocrx_word' id='word_1_400' title='bbox 348 4675 432 4735; x_wconf 76' lang='lat' dir='ltr'><strong>prosse</strong></span> <span class='ocrx_word' id='word_1_401' title='bbox 450 4676 507 4735; x_wconf 73' lang='lat' dir='ltr'><strong>tasst</strong></span> <span class='ocrx_word' id='word_1_402' title='bbox 525 4691 580 4722; x_wconf 80' lang='lat' dir='ltr'><strong>artua</strong></span> <span class='ocrx_word' id='word_1_403' title='bbox 599 4677 693 4738; x_wconf 77' lang='lat' dir='ltr'><strong>luascu.</strong></span> <span class='ocrx_word' id='word_1_404' title='bbox 745 4673 768 4705; x_wconf 64' lang='lat'><strong>¹⁹⁰</strong></span> <span class='ocrx_word' id='word_1_405' title='bbox 787 4676 868 4724; x_wconf 82' lang='lat' dir='ltr'><strong>aliis?</strong></span> <span class='ocrx_word' id='word_1_406' title='bbox 888 4679 911 4724; x_wconf 87' lang='lat'><strong>1.</strong></span> 
     </span>
    </p>
   </div>
   <div class='ocr_carea' id='block_1_4' title="bbox 0 0 1620 5422">
    <p class='ocr_par' dir='ltr' id='par_1_4' title="bbox 0 0 1620 5422">
     <span class='ocr_line' id='line_1_43' title="bbox 0 0 1620 5422; baseline 0 0"><span class='ocrx_word' id='word_1_407' title='bbox 0 0 1620 5422; x_wconf 95' lang='lat' dir='ltr'><strong> </strong></span> 
     </span>
    </p>
   </div>
  </div>
 </body>
</html>
