3210 5416
72 404 143 470 [MC.
153 403 227 471 som]
241 421 430 456 Puttaonnotls
445 421 738 457 clv.va·ol’.1)1aooovs
752 421 788 455 ΒΕ
802 420 1011 456 rtcvt‘rartnvs
1025 421 1238 456 Rouanonfflvo.
1292 391 1360 463 5ll

70 597 182 635 summo
204 579 326 653 pontifici
350 588 414 636 suut
437 579 566 642 subiecti,
590 579 693 653 qunque
716 578 793 635 nollo
816 578 918 636 iudicio
940 577 1080 635 molestari
1103 595 1184 652 qoam
1205 579 1366 653 apostolico.

70 664 149 738 qood
172 665 263 720 Romae
287 673 342 726 est,
365 674 489 738 possunt.
606 721 609 726 ,

134 749 232 804 Puer.
269 749 363 805 Nonne
392 766 447 805 rem
476 766 525 804 aeu
554 749 654 822 tetigi?
685 749 713 803 hi
745 757 810 803 sunt
840 749 886 821 qui
916 749 1024 822 impune
1048 747 1116 803 mala
1139 746 1255 822 plurima
1278 750 1366 806 lacere

68 841 203 905 possunt:
226 834 288 906 qui,
312 851 372 889 cum
389 832 530 890 calumniis
546 850 639 889 omnes
662 842 771 894 vexant.
796 833 857 907 ipsi
872 833 899 888 io
923 841 982 889 toto
1006 832 1132 889 collocati
1155 841 1182 889 et
1204 834 1255 888 sub
1278 835 1367 907 ponti·
1452 834 1454 837 ’

39 915 142 972 sficiis
165 917 216 973 alis
239 918 327 973 vexari
351 935 465 992 prorsus
488 935 542 974 noo
566 925 696 991 possunt;
725 918 838 990 quique
855 934 905 991 per
933 918 1098 991 imposturas
1122 935 1152 973 ac
1174 918 1367 991 sycophantias
1450 957 1452 961 .

69 1001 160 1088 multo
184 1011 325 1059 contracto
356 1001 445 1059 aliem
473 1019 527 1059 aere
556 1001 738 1059 creditoribus
765 1002 876 1074 egregie
908 1002 1066 1076 imponunt,
1095 1004 1254 1075 excogitato
1278 1002 1311 1058 ad
1341 1003 1366 1058 id

69 1073 221 1143 etiamnum
244 1086 367 1142 artificio

135 1172 299 1244 Legatos
335 1172 464 1228 Doctores
486 1171 567 1228 etiam
590 1172 668 1227 lacio.
752 1198 755 1206 ·
1366 1183 1434 1233 §.nt

136 1255 235 1311 Puer.
273 1255 328 1310 lmo
350 1255 468 1312 dolores.
849 1315 851 1320 ,

32 1354 60 1393 ιιι
138 1339 266 1396 lienoo.
304 1341 330 1395 ld
359 1349 453 1396 noster
480 1350 574 1414 pastor
602 1339 683 1396 vellet
706 1349 782 1396 certo
812 1340 884 1408 seio,
918 1341 1029 1410 doctum
1056 1341 1128 1397 euim
1156 1359 1219 1397 eom
1249 1342 1366 1397 iudicant

70 1441 183 1486 omnes,
204 1425 331 1497 quoniam
349 1433 422 1480 totos
439 1425 525 1498 ipsios
540 1442 631 1481 sermo
647 1425 759 1481 Latinus
773 1432 830 1488 est;
855 1425 918 1481 huic
935 1424 1058 1482 indicabo
1074 1426 1260 1500 hortatorque
1275 1426 1365 1482 etiam.

136 1510 234 1564 Puer.
272 1509 313 1563 Et
325 1509 493 1603 sapientiora
506 1518 535 1565 et
555 1510 708 1565 doctrinam
730 1510 826 1565 addis?

136 1593 296 1666 Legatos
335 1592 419 1660 Quam
443 1594 495 1649 nisi
517 1594 594 1667 prios
618 1594 778 1655 habuerint,
801 1611 853 1667 ego
876 1597 1001 1669 prolecto
1024 1595 1088 1651 dare
1111 1613 1165 1651 noo
1189 1613 1315 1690 possum,
1339 1595 1364 1651 id
1466 1602 1472 1615 ⁸

71 1677 146 1752 qood
170 1696 219 1734 nee
241 1677 269 1733 in
292 1677 464 1751 generalibus
486 1679 567 1733 etiam
590 1665 688 1752 eoique
711 1679 807 1734 studiis
830 1679 927 1741 dator,
951 1680 997 1735 uni
1021 1680 1140 1736 videmos
1163 1680 1263 1753 passim
1287 1681 1367 1736 indo·

35 1763 211 1818 laetissimos
233 1762 313 1818 etiam
336 1763 466 1818 honorari
490 1762 572 1818 rubro
594 1763 666 1837 pileo
688 1764 836 1819 moriones.
882 1763 959 1831 Quod
988 1765 1010 1819 si
1041 1765 1106 1820 mihi
1134 1772 1257 1838 potestas
1287 1773 1435 1824 essettfftts

72 1847 157 1903 doum
185 1847 311 1921 spiritum
340 1847 508 1920 linguarum,
542 1848 670 1922 spiritum
698 1847 818 1904 scientiae
842 1857 870 1905 et
892 1849 1046 1923 sapientiae,
1075 1850 1191 1906 lacerem
1214 1849 1279 1904 milii
1302 1866 1366 1923 pro·

70 1933 146 1988 lecto
169 1931 280 2005 egregie
304 1949 394 2006 operae
416 1931 552 2005 pretium?
935 1974 938 1980 .

136 2016 234 2072 Puer.
271 2017 371 2073 tirello:
400 2016 507 2090 aliquos
536 2034 588 2090 ego
617 2017 712 2080 etiam,
742 2034 829 2092 nuper
857 2018 940 2074 Roma
968 2018 1128 2079 redeuntes.
1157 2019 1286 2074 doctores
1314 2019 1365 2073 vidi

70 2102 175 2163 laetos,
191 2109 225 2156 et
247 2101 382 2157 aCaesare
405 2118 524 2174 quoque,
549 2101 595 2195 qoi
618 2118 706 2196 neque
729 2101 849 2175 linguam
865 2103 979 2164 liabent,
1004 2120 1090 2176 oeqoe
1106 2104 1254 2165 seientiam,
1277 2120 1366 2176 aeqoe

34 2186 247 2259 msapieutiam;
276 2187 330 2242 imo
354 2200 423 2259 quos
446 2186 522 2241 aiunt
544 2186 585 2241 via
609 2187 695 2261 prima
717 2186 857 2243 literarum
881 2196 973 2243 tenere
996 2187 1142 2249 elementa.
1171 2187 1364 2262 aaalplialtetos

70 2270 206 2355 yidelicet.
251 2270 298 2327 Est
319 2280 348 2326 et
371 2270 415 2326 illa
438 2288 548 2344 quoqne
571 2288 616 2326 ars
639 2271 789 2327 ioescandae
811 2273 947 2346 paeoniae,
972 2273 1107 2329 honorare
1130 2273 1249 2330 stultos?

135 2356 293 2428 Legatos.
330 2355 449 2411 Comites
471 2356 550 2412 etiam
573 2355 711 2412 Palatinos
734 2366 761 2411 et
783 2358 916 2414 notarios.
1366 2365 1434 2415 §.no

136 2441 230 2495 Puer.
267 2441 306 2496 lta
329 2458 369 2496 me
393 2441 459 2496 deus
481 2449 568 2502 amet,
596 2440 695 2497 multas
724 2450 753 2497 tu
779 2449 888 2498 creator
919 2442 1022 2520 similes
1045 2443 1094 2499 titi
1116 2451 1256 2500 creaturas
1278 2445 1367 2500 lacere

71 2533 167 2601 potes,
191 2525 306 2581 etiamne
328 2524 493 2599 vespillones
516 2534 543 2581 et
566 2525 738 2582 cardinales?

35 2630 62 2669 aa
137 2609 267 2666 llenno
304 2608 403 2687 Qtples
432 2617 496 2665 suut
524 2609 563 2665 illi
591 2611 705 2667 comites
735 2610 868 2667 Palatini?
897 2613 1059 2706 princepsue
1088 2602 1134 2668 int
1162 2613 1266 2669 elector
1294 2629 1366 2668 mor·

72 2705 137 2751 tuos
160 2703 203 2750 est
224 2712 284 2750 cum
308 2695 457 2750 iratribus?
480 2694 525 2751 ille
550 2703 576 2751 te
598 2695 678 2752 deum
693 2695 781 2752 laeiet
804 2696 943 2771 prolecto.
966 2697 1118 2815 cuicunque
1142 2696 1216 2752 illum
1241 2707 1294 2752 tam
1318 2715 1366 2770 pu·

72 2788 177 2836 tentem
200 2780 381 2854 principatum
403 2779 519 2835 dederis.

137 2865 301 2937 Legatos.
338 2864 397 2920 Noa
420 2863 568 2938 intelligis,
592 2864 708 2939 insignia
733 2865 787 2921 illis
811 2851 914 2921 taolum
939 2865 1016 2921 trado
1039 2882 1189 2927 at·,morom
1218 2875 1245 2920 et
1267 2865 1366 2920 nobili·

72 2958 171 3011 tatem,
200 2949 306 3004 divitias
335 2950 406 3006 unde
434 2950 648 3023 adipiscantur
641 2950 695 3024 ipsi
721 2951 850 3015 viderint;
879 2967 947 3023 quas
976 2958 1064 3005 omen
1093 2950 1115 3004 si
1145 2950 1303 3009 habuerint.
1333 2950 1364 3003 ad

41 3035 138 3094 sanitae
162 3033 334 3108 splendorem
357 3042 522 3090 ut'otantor
544 3035 688 3108 permitto;
716 3043 745 3090 et
773 3036 795 3090 si
819 3035 881 3108 eqni
904 3035 944 3090 eis
967 3044 1076 3097 assunt,
1106 3035 1229 3108 equitent
1252 3032 1366 3089 laearltas

72 3129 129 3181 est,
154 3119 177 3174 si
196 3136 254 3174 non
277 3119 408 3182 habeant.
433 3118 547 3193 pedibus
569 3119 633 3175 licet
656 3119 852 3192 ingrediantur.

137 3203 266 3260 denuo.
304 3203 361 3260 lloc
383 3204 464 3259 etiam
486 3204 551 3259 milii
574 3203 745 3279 privilegiam
768 3205 858 3260 datram
882 3213 932 3267 est,
954 3204 1118 3278 atqoe‘adeo
1141 3211 1267 3278 potestne
1289 3203 1436 3264 alluatur.

73 3289 208 3363 quispiam
232 3287 377 3344 nobilitare
401 3289 459 3362 ipse
482 3288 612 3362 ignobilis
635 3297 662 3345 et
685 3289 837 3346 obscurus?
864 3288 1037 3345 Nobilitatem
1066 3287 1131 3345 olim
1154 3289 1254 3345 virttue
1276 3289 1368 3363 parari

72 3374 180 3435 audivi,
201 3373 270 3428 bene
292 3373 384 3434 laetis,
409 3373 569 3447 fortitudine
592 3372 701 3438 bellica3
724 3389 790 3430 eane
813 3375 894 3430 modo
917 3375 1017 3430 emitur
1040 3374 1172 3448 pecunia?

44 3472 65 3514 tt
95 3485 104 3500 ·
138 3458 298 3531 Legatos.
336 3458 374 3514 lta
396 3458 478 3515 modo
501 3466 565 3514 suut
588 3467 718 3532 tempora.

136 3543 263 3599 Heaoo.
300 3542 357 3600 Hoc
380 3543 454 3605 scie,
477 3542 611 3617 plurimos
634 3553 692 3599 tum
715 3544 823 3600 lutnros
846 3545 892 3617 qoi
915 3560 972 3600 eam
989 3544 1040 3599 sibi
1056 3545 1261 3619 comparabunt,
1284 3545 1367 3600 etiam

70 3629 93 3684 si
119 3627 190 3683 lame
213 3644 242 3683 se
265 3628 405 3700 perituros
426 3629 512 3685 sciant
534 3646 608 3691 esse,
639 3630 706 3685 adeo
735 3647 816 3702 grave
840 3647 910 3686 onus
932 3639 975 3684 est
997 3648 1057 3685 esse
1080 3631 1227 3687 rusticum:
1259 3630 1302 3686 laic
1325 3639 1363 3691 to,

59 3712 235 3783 uelamine,
264 3713 346 3768 facies
370 3713 582 3787 operaepreeinm
604 3715 671 3770 satis
693 3715 812 3788 copiose.
857 3714 954 3770 Verum
979 3714 1165 3772 illud-moneo
1188 3716 1357 3771 sanctitatem
1366 3724 1433 3773 §.ue

70 3807 163 3858 taam,
187 3815 221 3852 ne
243 3797 313 3870 apud
337 3813 387 3853 uos
410 3798 533 3854 notarios
554 3816 640 3856 crees.

36 3892 59 3933 to
136 3883 298 3955 Legatos.
335 3881 385 3950 out
409 3883 455 3938 id?

136 3967 260 4024 Heuoo.
298 3965 456 4042 Quicunque
478 3968 549 4025 enim
572 3969 603 4024 ad
634 3984 683 4026 nos
712 3969 833 4031 venient,
863 3978 958 4044 captos
987 3987 1120 4043 saccoque
1149 3967 1268 4023 inclusos
1296 3982 1365 4040 aqua

67 4052 229 4124 mergimus.

136 4138 302 4210 Legatos.
340 4136 466 4193 Notarius
489 4137 674 4212 apostolicos?

137 4221 265 4278 ll‘enuo.
305 4221 331 4276 ld
360 4229 454 4280 nostra
481 4240 536 4279 nou
565 4224 682 4287 celeret,
711 4240 759 4278 seo
789 4222 896 4295 legatiei
920 4239 968 4278 seo
991 4219 1135 4296 apostolici
1158 4220 1227 4283 sint,
1254 4228 1368 4295 pereant

18 4312 55 4358 ⁴⁵
69 4324 186 4364 neeesse
208 4314 259 4362 est.

92 4548 95 4564 1
140 4489 331 4541 tonantes..
394 4487 416 4522 ¹⁴
434 4488 642 4557 ingeneraliboe
661 4492 684 4538 1.
704 4504 761 4555 qaue
780 4504 844 4538 uuae
862 4488 1060 4538 universitates
1078 4488 1234 4538 litterarum
1252 4491 1368 4553 appello·

68 4589 133 4623 mue.
187 4571 324 4639 videmus]
345 4576 484 4625 etiamnum.
535 4572 558 4606 ¹²
577 4573 699 4622 Comites
717 4574 865 4622 Palatinis
917 4570 940 4604 ²³
958 4570 1138 4638 Princepene]
1158 4573 1316 4623 Luelovicuu
1333 4574 1366 4624 V.

68 4659 204 4725 princeps
219 4656 325 4709 elector
335 4659 492 4722 Palatinam,
511 4658 637 4722 Sielriugl
650 4658 738 4707 hostis
752 4663 780 4707 et
792 4659 866 4708 univ.
880 4657 1058 4721 Heidelberg.
1073 4657 1245 4708 reformator.
1260 4658 1278 4720 †
1294 4658 1367 4709 1544.

71 4743 190 4806 Lepidae
209 4743 343 4793 Hennonle
360 4759 446 4794 error.
498 4739 752 4807 ⁸³olim1enim3.
805 4759 904 4807 parare
926 4745 983 4793 m.
1047 4740 1070 4775 ⁴⁸
1087 4745 1103 4792 ι’.
1118 4759 1140 4793 e.
1155 4759 1318 4809 mergentes.
