3210 5416
63 382 133 449 [tec.
143 382 218 450 sont]
234 400 422 434 ruttnntrntus
437 398 731 434 ctv.vwr.1›1at.ont¹a
745 399 780 432 m:
794 370 1004 433 racvtsrn'rtnvs
1018 397 1226 432 Romanssnslvrt.
1250 400 1251 403 ’
1281 370 1354 438 507

129 559 289 630 legatus.
328 557 409 613 Nulla
437 558 605 632 comparatio
634 557 670 612 ihi
705 573 765 612 esse
793 564 899 630 potest,
936 556 1001 611 adeo
1032 554 1083 611 alia
1114 573 1158 612 res
1186 557 1213 612 in
1244 556 1358 621 ecelesia

61 642 159 704 niodo,
182 642 235 698 aliu
258 641 322 698 olim
345 643 407 698 luit.
920 652 922 657 ’

130 728 228 783 Puer.
266 727 293 782 ld
316 735 374 783 erat
396 727 520 802 prolecto
544 727 616 799 quod
640 726 804 783 adrniruhar:
833 726 932 781 mirum
956 733 1058 787 tauron,
1085 724 1225 782 ecclesiam
1248 726 1346 782 Christi
1357 728 1377 780 l.
1390 735 1426 778 ot.

65 812 168 868 mutari
192 828 287 885 posse,
316 829 377 868 cum
408 812 523 867 cundem
545 811 632 868 adime
661 802 783 883 quotidie
812 811 917 866 audiam
946 810 1034 866 vivere
1057 810 1210 873 Christum,
1240 811 1357 867 solidum

40 899 128 953 seius
157 904 184 951 ct
212 903 293 969 caput
321 904 349 953 et
376 896 595 959 fundamentum:
623 895 695 952 idem
725 896 805 952 etiam
833 894 1015 968 evangelium,
1044 895 1116 967 quod
1147 905 1211 952 tnnc
1239 895 1357 952 inanchit

52 981 148 1037 etiam
172 981 327 1043 immotum,
350 998 411 1037 eum
433 979 531 1037 ciclum
553 997 584 1036 ac
607 989 680 1037 terra
696 980 867 1041 transierint:
890 988 971 1052 atque
987 980 1054 1045 adeo
1071 987 1128 1035 tum
1144 980 1256 1036 meliora
1272 981 1357 1036 lnmse

64 1066 172 1127 omnia,
196 1083 226 1121 ae
249 1065 397 1138 perfectius
418 1065 595 1121 Christianam
618 1068 646 1120 et¹
667 1064 825 1120 charitatem
848 1071 876 1120 et
897 1065 1025 1138 pietatem
1049 1064 1167 1136 viguisse
1191 1065 1218 1120 in
1240 1065 1305 1120 viris
1328 1084 1358 1120 ac

65 1150 202 1210 foeminis,
225 1167 285 1205 curu
307 1159 428 1205 nostram
451 1151 533 1205 vitam
556 1150 587 1205 ad
610 1149 792 1222 evangelicam
813 1148 982 1223 disciplinam
1005 1150 1242 1222 attemperavimus
1265 1151 1358 1224 potius

64 1252 148 1307 quam
177 1234 208 1289 ad
241 1242 361 1289 nostram
390 1233 528 1290 libidinem
557 1242 742 1308 repugnantes
771 1235 931 1307 iucoepimus
960 1233 1067 1289 trahere
1102 1235 1260 1308 scripturas.
1305 1234 1358 1289 nisi
1397 1271 1402 1298 .

29 1319 142 1377 intorte
165 1328 195 1374 tn
218 1318 283 1374 mihi
306 1319 436 1392 pradinas
458 1317 600 1378 ecclesiam
622 1318 841 1391 malignantium,
864 1317 1013 1374 scribarum
1037 1317 1139 1375 scilicet
1161 1328 1189 1374 et
1211 1319 1359 1392 pharisaeo·
1383 1340 1385 1344 ¹

66 1418 130 1459 rum
154 1403 301 1458 crnmrtinm
324 1411 352 1458 et
375 1404 559 1466 vendentium,
584 1422 663 1477 quam
687 1404 714 1459 in
736 1403 870 1477 propheta
892 1403 1006 1476 spiritus
1029 1403 1110 1459 ctiam
1133 1411 1242 1459 sanctus
1265 1404 1357 1466 odivit,

63 1489 147 1544 cuins
169 1484 269 1550 caetum
299 1495 380 1560 atquc
410 1498 531 1562 trapezas
559 1487 682 1544 Christus
711 1504 762 1544 sno
794 1488 874 1544 eiecit
897 1487 1015 1562 teniplo;
1044 1505 1106 1560 quae
1128 1489 1292 1563 contemptis
1315 1488 1358 1543 dei

64 1572 200 1628 mandatis
223 1572 348 1646 proprias
370 1572 422 1628 sihi
445 1574 541 1629 statuit
565 1573 734 1641 traditiones,
757 1588 881 1638 asserens
903 1572 1082 1628 Christianam
1105 1590 1165 1629 esse
1188 1588 1230 1635 se,
1253 1583 1281 1629 et
1302 1589 1357 1628 non

65 1664 123 1718 est,
148 1673 240 1712 rerum
264 1657 408 1720 mentitur,
431 1658 509 1714 euius
532 1658 612 1715 ctiam
635 1665 717 1731 caput
739 1674 794 1712 non
817 1658 875 1731 ipse
890 1657 1013 1713 Christus
1029 1665 1084 1718 est,
1108 1659 1189 1714 immo
1205 1656 1286 1713 Satan
1309 1674 1358 1731 po·

29 1741 140 1801 ratius,
164 1749 192 1796 et
213 1742 411 1798 consummatio
434 1741 509 1797 illins
531 1742 636 1798 hamma
658 1742 739 1815 ignis.

131 1825 297 1898 Legatos.
334 1825 494 1889 Ecclesiam,
522 1828 601 1884 cuius
628 1834 709 1900 caput
736 1827 826 1900 ipsum
847 1820 984 1882 credimiis
1006 1843 1139 1883 summum
1162 1843 1224 1883 csse
1244 1826 1426 1886 nontin-cn.

64 1927 140 1972 cern,
169 1909 249 1966 aliam
272 1911 407 1967 estimare
430 1929 510 1985 quam
532 1911 647 1974 Christi,
676 1910 775 1984 religio
798 1920 840 1967 cst
863 1911 1031 1984 haeresisque
1054 1911 1252 1986 perditissima:
1280 1912 1359 1967 cuius

15 2039 22 2049 .
64 1994 150 2051 etiarn
172 1994 341 2067 evangelium
363 2012 397 2051 ne
421 1997 448 2052 in
471 1997 525 2052 lota
553 1996 661 2070 quidem
689 2003 731 2052 est
758 2004 906 2059 mutatum
936 1996 1002 2069 quin
1029 2003 1057 2051 et
1085 1997 1174 2070 ipsum
1205 2004 1262 2051 turn
1292 1995 1359 2069 legi·

67 2097 131 2135 mus
172 2086 228 2135 tum
262 2080 384 2135 canimus
412 2081 544 2154 qnotidie.
590 2098 680 2137 verum
710 2098 800 2137 mores
828 2081 860 2136 ad
890 2080 917 2136 id
944 2090 1055 2137 nostros
1083 2081 1200 2137 formare
1229 2097 1359 2153 perquam

28 2162 183 2220 aotlilhcilc
210 2180 319 2239 semper
348 2165 415 2227 luit,
444 2182 494 2222 nec
522 2166 574 2220 nisi
603 2166 732 2240 perlectis
759 2165 866 2228 datum,
896 2174 978 2238 atque
1006 2166 1100 2239 paucis
1129 2166 1209 2221 etiam
1234 2163 1288 2220 illis
1311 2166 1358 2238 qui

64 2247 263 2322 Apostolorum
287 2249 499 2322 propinquiores
523 2251 634 2306 luerunt
657 2249 841 2323 temporibus:
865 2267 982 2323 quorum
1005 2251 1076 2306 enim
1100 2267 1254 2323 quenquam
1268 2249 1359 2305 vidisti

66 2334 116 2407 qni
140 2334 221 2390 modo
243 2333 382 2407 perlectus
401 2335 441 2390 eit
464 2335 544 2396 adeo,
569 2335 748 2398 ntaulerenti
770 2334 871 2390 imlieio
891 2333 1004 2408 pallium
1027 2335 1145 2390 tunicam
1168 2334 1247 2391 addat
1262 2334 1359 2390 etiam?

68 2426 100 2475 ut
122 2419 287 2491 percutienti
311 2417 406 2474 malam
430 2418 542 2474 alteram
565 2417 677 2475 alteram
700 2420 825 2493 porrigat
847 2419 930 2475 item?
952 2418 1049 2492 diligat
1071 2420 1210 2480 inimicos,
1234 2426 1294 2475 oret
1310 2436 1360 2492 pro

67 2502 307 2577 persequentibus,
324 2502 475 2560 mociaciat
490 2504 522 2559 iis
538 2505 584 2576 qui
602 2521 663 2560 eum
680 2504 814 2559 oderunt?
844 2504 872 2559 in
887 2521 1000 2566 summa,
1016 2503 1112 2577 diligat
1126 2504 1265 2559 dominum
1280 2520 1360 2559 sunm

32 2588 137 2643 as'adco
159 2605 192 2643 es
218 2588 299 2643 corde
329 2588 470 2661 animaque
499 2605 548 2643 sua
578 2596 649 2650 tota,
678 2596 709 2643 ut
738 2588 805 2644 nihil
836 2597 981 2662 praetcrea,
1010 2589 1162 2662 proximum
1184 2605 1264 2643 snum
1288 2588 1359 2645 sicut

67 2673 209 2745 selpsnm?
231 2672 286 2727 lmo
310 2673 361 2731 vim
386 2673 410 2727 vi
433 2671 566 2746 repellere
588 2671 652 2729 licet
668 2673 770 2735 modo,
793 2690 845 2746 pro
868 2672 950 2735 rehus
973 2673 1074 2729 Iniuste
1095 2672 1192 2728 ahlatis
1216 2671 1294 2728 nohis
1317 2673 1429 2728 ind-⁹³·

67 2757 141 2813 dicio
163 2757 328 2819 conflictari,
351 2757 444 2813 eedem
467 2757 587 2813 remetiri
610 2774 737 2813 mensura
761 2776 814 2830 qua
836 2758 920 2813 mensi
943 2757 1023 2812 nobis
1046 2757 1149 2813 suerint
1171 2756 1309 2818 hominem
1332 2764 1360 2811 et

71 2843 93 2897 si
118 2858 173 2896 non
196 2841 276 2915 plane
299 2841 390 2898 odisse
413 2842 551 2904 immicos,
575 2859 624 2898 nee
646 2859 736 2898 amare
758 2842 838 2898 etiarn
862 2859 910 2898 noc
932 2841 1097 2913 coniungere
1121 2840 1360 2902 consuetudinem;

71 2934 175 3000 preter
201 2926 282 2982 ileum
311 2927 391 2982 etiam
420 2928 508 3000 ipsum
536 2926 563 2982 in
591 2926 689 2983 duhios
720 2943 811 2982 rerum
834 2933 945 2982 eventus
968 2933 995 2981 et
1017 2925 1158 2999 pecuniam
1181 2923 1310 2996 colligere
1333 2931 1361 2978 et

34 3012 105 3066 atde
137 3012 231 3066 tuturo
259 3011 428 3085 prouidentia
455 3012 571 3067 humana
601 3010 735 3068 sollicitos
764 3028 838 3074 esse;
867 3019 894 3066 et
922 3027 982 3066 enm
1011 3010 1098 3083 ipsum
1128 3016 1201 3066 reete
1229 3006 1360 3086 volvimus

66 3094 238 3168 evangelium
261 3096 365 3157 animo,
390 3096 557 3170 imperfectis
581 3096 662 3153 etiam
685 3113 734 3152 nec
755 3096 782 3151 in
804 3104 893 3150 totum
916 3094 1112 3168 desperandum
1135 3101 1185 3149 est.

132 3181 231 3236 Pater.
268 3181 333 3236 Cum
355 3181 389 3237 de
410 3180 489 3254 plehe
512 3180 648 3253 loqueris,
677 3181 774 3236 eredo:
803 3180 854 3235 hoe
878 3187 966 3236 tamen
988 3179 1059 3240 seio,
1090 3178 1195 3252 tepidos
1218 3178 1357 3251 aspernari
1369 3180 1429 3230 §.tt

65 3265 222 3328 dominum,
246 3258 383 3321 lerientes
405 3264 474 3321 velle
498 3266 626 3322 inanime:
650 3283 733 3340 quare
757 3265 815 3321 haec
836 3264 930 3338 culpa.
955 3272 1085 3337 qnantum
1107 3263 1198 3324 video,
1222 3271 1362 3337 tepescen-

69 3350 105 3406 tis
127 3349 233 3406 scilicet
256 3349 400 3422 religionis
420 3350 593 3413 Christianae,
623 3358 682 3406 tota
709 3351 736 3405 in
764 3348 818 3404 illis
845 3358 887 3405 est
916 3349 961 3422 qui
984 3348 1050 3404 llosi
1073 3347 1228 3405 cathedram
1251 3356 1362 3423 aposto-

32 3434 218 3508 aularumque
239 3433 298 3491 loca
322 3443 535 3510 occupaverunt:
567 3452 600 3490 er
628 3435 661 3490 iis
683 3434 754 3491 enim
776 3432 881 3507 reliqua
904 3433 981 3509 plehs
1003 3434 1096 3516 metita
1119 3441 1161 3490 est
1183 3433 1263 3489 vitain
1287 3450 1362 3489 suam

67 3536 191 3575 ornnem<
216 3519 288 3593 quod
312 3520 334 3575 si
357 3520 385 3574 in
408 3520 442 3575 iis
464 3520 551 3577 adime
574 3518 683 3576 luminis
706 3518 803 3575 luisset
824 3518 940 3593 aliquid,
964 3536 1019 3574 non
1042 3526 1124 3575 tantae
1147 3518 1271 3592 prolecto
1288 3525 1362 3574 tene·

66 3604 125 3660 lirae
148 3602 241 3678 orhem
265 3613 444 3678 occupassem
466 3604 658 3661 Christianum.

133 3689 293 3761 legatus.
332 3687 401 3756 Quin
428 3688 597 3745 lraec’rnissa
625 3690 746 3745 lauimus.
791 3688 847 3746 lloo
869 3688 1016 3761 iutelligis,
1045 3687 1152 3749 denno.
1183 3685 1361 3743 universalem
1372 3691 1429 3741 §.⁰⁵-

36 3783 41 3789 ’
65 3791 118 3847 per
141 3773 310 3829 Germaniam
332 3774 457 3830 nuntium
480 3791 540 3830 esse
562 3791 621 3836 mc,
651 3773 746 3830 summi
769 3773 983 3847 universalisque
1005 3773 1118 3829 Romani
1140 3772 1291 3847 pontilicis,
1314 3771 1361 3844 qni

28 3868 56 3908 tt
67 3857 160 3914 omnia
181 3860 291 3930 potest‘t

133 3941 261 3998 denno.
299 3942 434 4016 intelligo.

132 4026 228 4081 Puer.
266 4028 372 4083 Pestcm
395 4026 550 4101 generalem
572 4029 736 4101 contagione
759 4027 904 4084 lmtlantcrn
927 4027 1030 4087 omnia,
1054 4043 1106 4099 ego
1129 4022 1263 4097 intelligo.

133 4110 297 4183 legatus.
334 4112 387 4169 lam
410 4112 530 4186 quiden
554 4113 663 4169 nomine
685 4111 800 4186 amplius
823 4111 942 4186 possim,
965 4109 1065 4183 accipe.

138 4378 183 4412 ⁶¹¹⁸
200 4378 301 4430 Metth.
315 4379 347 4428 V.
363 4377 403 4428 18.
440 4376 715 4429 ¹⁰Psatm.xxv.a.
754 4375 774 4408 ¹¹
791 4375 891 4425 Motth.
904 4374 978 4424 XXI.
995 4373 1034 4423 12.
1075 4375 1160 4425 Marc.
1175 4375 1222 4424 XI.
1238 4373 1277 4424 la.
1291 4375 1359 4425 an.

68 4465 143 4514 xtx.
157 4464 199 4514 45.
270 4462 292 4498 ¹⁵
310 4463 590 4514 Ecclesiasticilllli.
607 4461 645 4512 lo.
715 4457 857 4524 ”Evnng
872 4458 1040 4512 see.hletth.
1054 4459 1087 4509 V.
1101 4456 1213 4524 tlhsqq.
1232 4459 1360 4512 Luevl.

68 4548 240 4614 tamqnam.
310 4547 406 4597 ”Vim
425 4550 453 4598 vi
476 4542 622 4611 repellere]
646 4537 1011 4610 Utptun.1,.1.§.'27.t)ig.
1031 4544 1066 4594 de
1084 4544 1112 4593 vi
1130 4545 1231 4595 XLIII.
1249 4545 1288 4595 ltt.
1319 4544 1363 4596 In-

68 4634 190 4684 noc.lll.
205 4648 269 4698 cap.
284 4631 323 4682 18.
337 4634 371 4682 X.
383 4633 418 4683 de
430 4631 559 4684 homicid.
573 4630 605 4679 V.
623 4629 660 4678 12.
697 4627 719 4659 ¹²
736 4628 937 4680 natantium.
957 4630 1043 4680 More.
1057 4629 1104 4679 IV.
1116 4629 1158 4679 24.
1177 4631 1246 4681 Luc.
1260 4630 1306 4680 vt.
1320 4629 1362 4682 ³8.

69 4715 90 4748 ³³
110 4717 200 4783 Culpa
218 4718 390 4782 tepescentis
408 4717 552 4783 religionis
569 4714 771 4780 pontificiorum
787 4719 857 4764 enta
