3210 5416
256 367 342 439 532
503 432 511 447 ,
696 396 812 457 ιιιτιοοι
832 395 1103 431 eseroonrrrrrtrcr.

318 555 452 609 Eceius.
490 553 523 608 Et
545 562 589 614 tu,
612 560 705 626 pater,
727 550 808 607 salve.

318 638 477 694 Auditor.
513 637 567 692 Cur
589 646 698 692 vocatus
722 638 799 691 sum?

320 724 453 779 Eccius.
490 721 524 778 Ut
545 719 643 777 delicta
665 739 723 776 mea
738 721 847 777 audias.

187 814 247 860 tlt.
322 807 477 862 Auditor.
514 805 566 861 lam
590 804 687 860 millies
710 805 811 867 audiri,
834 805 927 878 oecipe
950 813 1047 861 tameo.

317 890 450 947 Eccius.
488 889 544 962 Ego
560 885 672 945 loannes
688 889 798 951 Eebius.
815 891 914 944 artium
931 888 1083 945 liberalium
1099 889 1228 962 Magister
1241 906 1273 945 ac
1290 906 1374 945 sacrae
1390 887 1536 960 theologias

185 1028 186 1031 ,
256 978 367 1037 llootor,
398 974 462 1030 lieet
485 974 626 1046 indignus,
655 974 804 1029 Canouieus
827 972 995 1047 Eysteteusis
1019 991 1097 1030 verus
1119 982 1146 1028 et
1175 991 1231 1028 non
1254 972 1353 1033 fictus.
1382 983 1412 1028 ut
1438 973 1525 1045 quidam

255 1069 389 1134 nugatur,
413 1058 583 1114 Cancelarius
605 1067 674 1118 etc..
703 1058 861 1113 Ordinarius
884 1066 951 1117 cte..
981 1057 1050 1113 luris
1074 1058 1200 1113 canonici
1224 1059 1340 1119 boetor.
1375 1057 1458 1113 civilis
1477 1074 1525 1110 rero

255 1144 448 1203 doctissimusr
469 1143 589 1204 italicus,
612 1142 778 1203 Austriacus.
802 1142 949 1198 Sanomcus
972 1143 1155 1216 triumphator
1176 1151 1204 1196 et
1228 1159 1338 1214 semper

189 1234 247 1282 §.ru
322 1228 477 1283 Auditor.
514 1216 718 1299 ματαιότητος,
741 1243 790 1281 seu
812 1226 894 1282 maris
917 1216 1090 1301 μωρότατος.
1112 1258 1113 1261 =
1135 1227 1201 1298 quin
1225 1234 1254 1281 tu
1279 1235 1526 1299 peecata-recenses

256 1316 307 1370 boc
329 1312 401 1367 euim
424 1312 523 1368 iactare
545 1319 602 1372 est,
626 1310 695 1366 baud
718 1311 852 1366 confiteri.

319 1397 452 1452 Eceius.
489 1394 630 1463 Quaenam.
653 1393 767 1456 malum.
790 1396 917 1469 peccata?

319 1481 475 1537 Auditor.
513 1478 716 1535 Temulcutiam.

318 1565 453 1621 Eccius.
490 1568 526 1619 At
546 1581 596 1619 cur
617 1564 699 1619 sitio?

319 1649 477 1717 Auditor.
515 1648 672 1704 Libidinem.

250 1754 255 1766 ·
320 1733 455 1789 Eceius.
493 1732 619 1787 llumauae
642 1740 746 1788 natura·
769 1731 945 1805 fragilitatem
967 1733 1053 1787 dieis?

320 1818 478 1873 Auditor.
515 1816 650 1871 invidiam.

319 1901 452 1958 Eeeius.
488 1900 628 1957 Peculiare
650 1901 843 1974 theologorum
867 1901 979 1957 vitium?

319 1986 475 2042 Auditor.
500 1985 587 2043 lram.

319 2070 448 2126 Eccius.
486 2069 518 2124 Et
541 2069 602 2142 quis
625 2069 704 2125 animi
728 2070 868 2144 passiones
892 2087 1000 2144 semper
1022 2071 1128 2126 lreuare
1152 2071 1265 2144 posset?

318 2155 474 2210 Auditor.
511 2155 565 2208 Cur
587 2154 672 2226 igitur
693 2170 736 2209 me
758 2155 911 2210 advocasti?
1528 2156 1545 2194 d

317 2238 447 2295 ll'ccius.
484 2237 537 2293 Cur
555 2238 644 2310 igitur
666 2238 742 2294 amici
766 2238 888 2294 iussere?
911 2254 970 2294 mea
992 2238 1062 2294 enim
1087 2237 1154 2293 nibil
1177 2237 1324 2294 referebat.

186 2324 246 2374 btt-
317 2322 473 2377 Auditor.
512 2322 621 2382 Verum,
646 2340 706 2377 eum
730 2323 796 2383 iam,
820 2321 1096 2396 Tlreologcoptime.
1121 2324 1238 2378 lortuuae
1261 2322 1319 2378 alea
1341 2324 1378 2377 sit
1399 2317 1522 2376 sulreuoda.

253 2424 283 2462 ac
306 2406 356 2461 tibi
378 2424 393 2461 a
415 2406 574 2462 criminibus
596 2408 702 2462 cunctis
725 2405 796 2462 liber
818 2407 948 2467 videaris.
978 2397 1072 2462 sallem
1096 2407 1147 2462 boc
1170 2424 1219 2480 per
1241 2406 1350 2463 solitam
1372 2407 1415 2462 dic
1436 2402 1522 2459 teneri·

239 2499 350 2559 >tatem
374 2491 440 2563 quid
464 2499 489 2546 te
512 2500 543 2545 ut
564 2490 631 2547 adeo
653 2500 749 2546 contra
771 2491 914 2546 llartinum
938 2492 1071 2547 insanires
1096 2492 1267 2547 incitaverit?

316 2574 446 2631 llecius.
484 2575 593 2636 Secreta
616 2592 657 2630 me
680 2575 797 2648 paudere
820 2575 914 2630 iubes?
944 2577 1038 2631 luciam
1062 2584 1151 2630 tauron
1175 2577 1261 2631 teila
1289 2575 1411 2631 volente:
1443 2570 1543 2646 predi-²⁵

252 2668 374 2717 catorum
397 2659 449 2714 sub
472 2660 593 2719 initium.
616 2659 678 2714 deiri
702 2676 812 2732 quoque
834 2660 1011 2733 Lypsensium
1034 2659 1249 2733 pollicitationes
1272 2659 1392 2715 illexere.

317 2744 474 2801 Auditor.
511 2746 546 2798 At
568 2760 620 2816 ego
643 2744 766 2799 veritatis
789 2760 907 2800 amorem
931 2752 958 2799 et
973 2744 1136 2800 Christianae
1159 2743 1220 2800 fldei
1244 2745 1364 2800 studium
1388 2740 1520 2799 arbitrabar.

317 2829 454 2886 Eceius.
489 2828 542 2883 Pro
564 2828 693 2885 coronide
716 2826 897 2890 addebantur,
920 2829 967 2884 sed
990 2828 1064 2884 illiue
1086 2828 1230 2902 lachrymae
1253 2827 1317 2884 illae.

185 2912 244 2960 §.st
317 2914 480 2970 Auditor.
517 2913 584 2968 blira
611 2912 713 2973 refers,
747 2912 823 2985 quasi
854 2913 1078 2985 praedicatoribus
1107 2930 1217 2987 quoque
1252 2912 1373 2985 linguam
1405 2908 1519 2969 locareris

252 3016 312 3054 cum
335 2999 387 3071 ipsi
409 3006 522 3053 cunctos
544 2995 673 3052 mortales
700 2995 801 3068 liuguae
830 3005 978 3069 exupercut
1000 2996 1189 3070 improbitate.
1216 2998 1341 3053 caninam
1370 3012 1470 3070 quoque
1492 2992 1541 3046 [att

252 3083 415 3138 «arroditatonr
438 3081 477 3136 vel
500 3081 642 3154 immodice
665 3097 789 3143 exercere
812 3082 945 3135 noverint.

316 3167 446 3222 Eccius.
483 3165 586 3221 Norere
614 3165 736 3238 quidem,
769 3173 798 3220 et
828 3164 880 3220 soli
910 3165 1107 3222 Praedimtores
1139 3166 1202 3222 buic
1232 3166 1373 3239 tragoediae
1406 3162 1518 3220 exordium

254 3250 404 3321 praebuere.
448 3258 576 3305 caeterum
604 3267 665 3305 cum
689 3250 740 3304 iam
762 3266 795 3303 ex
816 3249 891 3305 lumo
914 3250 1003 3322 ignem
1026 3250 1219 3309 suscitassent.
1249 3268 1279 3306 ac
1308 3267 1338 3306 se
1360 3250 1466 3305 blartino
1484 3246 1519 3298 in

254 3350 334 3404 pares
358 3334 493 3394 riderent,
518 3351 560 3388 me
582 3334 711 3389 vicarium
734 3332 917 3395 substituere;
946 3350 1002 3389 uon
1025 3350 1132 3407 semper
1154 3336 1227 3390 enim
1250 3334 1357 3390 lelicern
1378 3352 1437 3390 esse
1458 3341 1517 3386 teuc

254 3417 375 3476 ritatem,
405 3417 532 3472 [ternensi
561 3426 589 3472 ct
611 3415 803 3473 iloucbliniaua
825 3416 976 3474 calamitate
999 3419 1051 3474 iam
1080 3420 1185 3492 experti
1214 3427 1293 3480 suut:
1323 3419 1384 3475 ideo
1413 3410 1538 3485 tantispertl

253 3498 438 3561 dissimulant,
463 3519 493 3556 ac
509 3517 636 3556 ursorum
653 3502 738 3557 instar
760 3502 889 3575 hybernis
913 3503 964 3557 iarn
986 3504 1133 3578 dormitant
1157 3503 1277 3571 solibus,
1301 3512 1333 3572 ut
1354 3504 1487 3559 crassiores
1497 3501 1516 3547 tl

255 3583 407 3655 vegetiores
429 3583 575 3656 aliquando
597 3594 762 3658 conceptum
778 3586 850 3659 virus
865 3604 1004 3647 evomere,
1027 3594 1054 3642 et
1070 3604 1154 3642 noras
1172 3587 1267 3643 turbas
1282 3588 1415 3643 suscitare
1430 3584 1515 3640 adeant·

186 3667 244 3715 bl?-
319 3668 477 3723 Auditor.
514 3667 643 3740 Egregie,
668 3678 698 3727 ut
719 3670 886 3742 agitantibus
909 3671 972 3726 latis
987 3670 1138 3744 'aliquando
1155 3671 1373 3744 'leutplariorum
1396 3672 1516 3743 sequautur

254 3753 375 3825 vestigia.
419 3751 465 3807 sed
488 3752 552 3826 quid
574 3752 724 3825 Lypseuses
748 3754 888 3810 movebat?

316 3837 446 3895 Eccius.
484 3830 541 3890 not
565 3823 708 3910 κεραμεύς
730 3840 852 3913 κεραμεῖ
870 3833 979 3908 κοτέει,
1000 3832 1050 3892 καὶ
1067 3832 1181 3894 τέκτονι
1202 3833 1328 3909 τέκτων,

484 3913 541 3975 Καὶ
559 3908 672 3994 πτωχὸς
691 3919 798 4001 πτωχῷ
812 3917 947 3993 φθονέει,
962 3917 1012 3978 καὶ
1027 3910 1127 3990 detdic
1140 3913 1246 4003 ἀοιδῷ.
1456 3927 1469 3956 ·

317 4007 476 4075 Auditor.
514 4005 582 4061 llum
605 4014 695 4061 tantos
709 4015 812 4083 ‘patres
835 4008 935 4064 invidia
958 4026 1067 4082 quoque
1090 4010 1199 4082 tangit?

317 4089 450 4147 Eceius.
488 4089 571 4147 Immo
593 4092 704 4165 penitus
726 4093 878 4148 excecavit.
1167 4099 1168 4102 ’

1519 3829 1536 3866 tt

307 4270 446 4322 εΙιτιῐίοιιο
458 4269 517 4337 ete]
531 4273 716 4323 lastinianum
728 4274 861 4322 imitatur.
897 4273 1121 4324 ⁹‘Vaniasimus'
1137 4273 1349 4324 ‘Stultissimum'
1383 4272 1511 4337 &papate

254 4367 312 4407 τοο.
322 4358 377 4404 2.3.
413 4355 435 4387 ²⁹
449 4356 532 4406 ‘Laus
545 4357 846 4421 praedicatorumlfedd.
855 4361 871 4406 ι’.
880 4374 911 4405 m.
947 4356 970 4390 ³⁰
983 4363 1135 4422 exuperant
1149 4359 1201 4406 1.4.
1221 4374 1286 4407 ean.
1299 4357 1440 4408 fecundia:
1452 4347 1512 4412 Quiu-

255 4431 597 4502 titian.inst.0r.xl1.tt,o
633 4439 709 4490 ”Cb
723 4440 921 4490 Ecclesiastici
933 4439 1069 4492 xxl1.30.
1104 4439 1286 4491 35Βιιτιιίοιιιιί
1301 4446 1356 4491 Μ.
1377 4431 1511 4490 Uiselli·

258 4515 313 4566 139.
326 4517 449 4571 166236.
494 4519 517 4553 ⁸⁸
534 4522 761 4589 Templariorum]
781 4539 799 4573 o
811 4524 952 4574 Clemente
965 4526 1019 4575 PP.
1032 4526 1065 4574 V.
1084 4527 1160 4590 regis
1178 4526 1302 4594 Philippi
1324 4524 1426 4591 pulchri
1447 4511 1511 4569 still·

256 4599 304 4647 tire
323 4602 494 4653 traditorum.
531 4603 584 4638 ⁴⁰⁴¹
604 4608 648 4655 ‘Et
660 4607 759 4672 figulus
771 4607 855 4672 figulo
873 4608 1004 4658 irascitur
1022 4615 1050 4658 et
1063 4609 1144 4659 fabro
1157 4610 1249 4671 leber,
1268 4612 1306 4663 Et
1318 4608 1510 4659 mendicorum

150 4742 155 4752 ,
255 4679 318 4729 (Ῐῑῦθ
336 4684 455 4745 inlidet,
476 4692 600 4751 etpoota
617 4695 725 4754 poetro.¹
772 4691 830 4741 Kal
848 4708 873 4742 ιι.
887 4689 956 4756 κτλ]
974 4680 1088 4742 Hesiod.
1102 4692 1155 4758 Op.
1169 4698 1198 4742 et
1215 4693 1241 4741 d.
1255 4693 1296 4742 25.
1310 4708 1350 4756 sq.
1400 4677 1510 4736 ‘'11⁰⁰“
