3270 5430
260 384 307 455 82
523 396 589 446 1111.
661 409 797 444 sourvus.
835 406 974 443 »insonus
993 405 1178 441 nvrrsruovs.
1199 390 1287 453 (ists.)

260 575 375 646 poetam
392 552 536 633 solerem,
561 563 666 623 ‘Faber
682 563 805 641 (piisque
821 561 953 622 lortunse'
974 561 1159 638 inaruisse
1179 559 1241 628 ω’,
1260 568 1295 620 st
1310 556 1552 633 &homopto-

194 704 198 710 ·
260 670 363 729 denter
393 673 562 727 monentem
594 681 673 732 „non
699 663 852 741 suppliciis
880 671 930 723 out
957 660 1115 741 lachrymis
1143 662 1267 722 deorum
1283 657 1405 722 'sterilia
1442 657 1552 735 parari:

260 768 434 847 vigilandn,'’
457 768 550 845 iuquit
572 765 669 835 „bone
690 764 919 842 egendo-bene
942 762 1122 826 consulendo
1143 779 1287 840 prospere
1310 760 1411 820 omnia
1433 757 1552 822 cedunt:

261 871 310 932 ubi
333 869 475 932 socci-‹tiae
497 861 526 927 t'e
548 875 635 946 atque
658 867 778 945 ignaviae
800 866 970 933 tradideris,
1000 865 1194 944 neqrtioquarn
1216 863 1288 924 deos
1308 860 1469 940 implores,
1492 858 1554 918 inti

263 974 417 1051 infestique
439 968 535 1030 suut'.

142 1121 144 1125 .
194 1098 252 1148 uos,
326 1091 499 1134 nvrrsmts.
537 1069 720 1149 Quemquam
744 1070 781 1128 ita
804 1070 955 1147 aspernari
983 1075 1080 1145 potest
1101 1067 1231 1144 luppiter
1259 1083 1346 1142 ergo,
1382 1084 1397 1124 a
1429 1081 1491 1141 uuo
1516 1068 1555 1119 est

263 1177 309 1252 pie
332 1180 447 1241 oratus,
476 1179 589 1232 utnon
612 1171 763 1231 exaudiat?
793 1189 846 1230 nee
869 1169 944 1229 loris
967 1168 1082 1230 tamuda
1110 1175 1178 1228 sunt
1199 1166 1262 1226 itta
1294 1165 1371 1243 apud
1395 1164 1554 1224 llornerdm

263 1268 387 1354 Εὐχαίῗ

327 1396 479 1437 rourum.
516 1374 618 1453 Neque
640 1381 816 1450 aspernatur
838 1371 885 1434 ille
907 1370 1037 1431 arbitror
1058 1370 1224 1449 supplicum
1248 1386 1366 1447 preces,
1392 1375 1421 1427 et
1443 1363 1555 1426 exaudit

263 1479 287 1537 si
310 1485 341 1537 nt
363 1476 472 1537 debent
494 1476 628 1536 homines
649 1481 759 1553 petant.
1431 1536 1436 1542 ,
1564 1485 1583 1524 u

296 1595 299 1602 ·
327 1597 499 1641 uvrrnsvs.
538 1577 604 1638 Non
626 1583 705 1636 recte
729 1582 833 1653 petunt
854 1582 951 1641 autem
981 1576 1046 1653 qiri,
1080 1583 1113 1634 ut
1141 1572 1187 1634 ille
1205 1573 1292 1650 apud
1322 1567 1581 1648 Xenophontem·

265 1688 350 1740 oront
373 1678 566 1740 valetudinem
590 1678 716 1756 prinnun
740 1679 875 1756 viresqne
898 1677 1046 1754 corporis,
1075 1674 1180 1735 deinde
1203 1675 1332 1735 bonores
1351 1679 1384 1731 et
1407 1671 1486 1749 apud
1509 1670 1555 1729 bo

265 1783 358 1842 rubios
380 1779 628 1847 benevolentiam,
651 1786 719 1856 post
741 1778 804 1838 brec
826 1779 855 1837 in
878 1777 956 1838 bello
978 1776 1117 1846 sulutem,
1147 1787 1176 1836 st
1194 1793 1246 1835 res
1268 1773 1388 1835 totidem
1411 1771 1556 1833 familiaris

264 1890 297 1943 ut
318 1883 440 1943 honeste
462 1881 623 1958 erigentur?

197 2010 255 2060 pou,
329 2004 482 2044 nourrius.
521 1982 556 2041 Hi
579 1979 697 2059 «pridem
720 1987 815 2047 rer-te,
839 1979 890 2040 sed
914 1980 1077 2058 superflue:
1102 1980 1171 2058 quid
1194 1981 1271 2040 enim
1295 1976 1395 2038 multis
1418 1972 1582 2038 aeeoobo

266 2086 390 2146 tundere
413 2084 541 2160 oportuit
564 2081 679 2142 losum?

328 2205 499 2246 irvrrnsus.
539 2185 582 2242 du
606 2182 683 2243 liaud
708 2184 870 2242 necessaria
892 2183 945 2243 tibi
968 2183 1030 2242 bare
1053 2185 1148 2243 omnia
1172 2182 1326 2242 ridentur?

328 2307 480 2347 ronrvsa.
519 2285 637 2351 tironia,
668 2284 718 2344 sed
747 2302 812 2363 qum
836 2284 969 2345 breviori
994 2285 1127 2345 oratione
1156 2284 1369 2361 comprehendi
1393 2302 1409 2342 a
1433 2283 1555 2361 roganti·

266 2387 322 2447 bus
345 2395 461 2466 (plicant.
1104 2406 1106 2408 ·

198 2518 256 2567 nu.
330 2494 502 2550 morosus.
542 2488 603 2547 lloc
626 2487 710 2547 velim
734 2487 872 2556 edoceam
895 2487 946 2547 sed
970 2488 1040 2548 mihi
1063 2488 1145 2564 prius
1168 2505 1268 2554 narra,
1292 2486 1446 2547 offendunt
1465 2485 1583 2545 memet

267 2587 442 2666 prolixiores
464 2607 592 2667 umpram
615 2589 739 2668 preces?
996 2646 999 2652 ,
1070 2567 1075 2576 ’

330 2710 483 2751 nou'rvrm.
523 2689 586 2750 Non
610 2692 706 2751 minus
728 2709 815 2768 quam
838 2709 854 2751 a
877 2689 1006 2768 diligenti
1035 2688 1242 2768 piabeiarniliss
1269 2691 1294 2749 si
1320 2696 1433 2765 rogent
1460 2705 1557 2767 super·

268 2790 325 2852 duo
356 2791 521 2860 domestici,
551 2800 601 2853 aut
628 2792 705 2853 idem
733 2809 811 2869 stupe
841 2794 864 2851 si
893 2800 1024 2871 quaerant
1053 2811 1071 2852 a
1104 2792 1192 2853 docto
1225 2792 1382 2869 magistro-2
1399 2789 1558 2868 obstreperi

267 2892 425 2959 auditores.
924 2951 927 2957 Α

330 3015 504 3059 uvrrnuvs.
544 2994 580 3055 Ut
602 2994 742 3057 molestia
764 3014 887 3073 rapaces
910 2995 1027 3056 credam
1051 3012 1115 3056 esse
1137 2996 1213 3056 lou‘s
1234 2994 1340 3054 ames?
1565 2999 1586 3039 ²⁵

331 3119 483 3160 nonrvsm.
523 3096 628 3158 Facile.

200 3226 259 3274 sos,
332 3219 505 3262 uvrrrnrs.
543 3198 577 3258 Et
600 3197 656 3258 illis
678 3199 782 3259 cotidie
802 3200 888 3278 irasci
910 3198 1127 3265 sacerdotibus
1151 3195 1338 3275 ‹lrunlegnnt
1352 3198 1475 3258 eosdem
1488 3214 1561 3274 supe

271 3301 397 3360 interdiu
420 3299 549 3375 psabnos
572 3301 699 3360 elidem
724 3301 845 3376 vigesies
867 3300 992 3377 amplios
1014 3307 1151 3377 repetunt
1174 3299 1326 3359 murmuri
1386 3346 1388 3349 .

333 3420 485 3461 ronrvus.
525 3401 559 3459 Et
581 3401 638 3460 hor.
661 3403 844 3479 propositum
867 3401 991 3468 liabent,
1021 3419 1089 3463 non
1108 3400 1179 3479 quid
1208 3406 1308 3467 ment,
1340 3400 1396 3460 sed·
1424 3407 1560 3479 mastiter

271 3499 386 3578 legonti
613 3490 616 3500 '
1010 3556 1014 3563 ,
1236 3486 1238 3489 ’
1318 3538 1322 3545 .
1568 3511 1589 3549 rr

335 3621 521 3664 uvrrnuvs..
546 3602 700 3671 Quomodo
724 3604 811 3678 igitur
833 3602 1003 3666 brevissime
1026 3604 1169 3666 orandum
1192 3623 1208 3662 a
1232 3602 1298 3663 lore
1321 3605 1382 3663 esti

203 3716 263 3764 ets.
328 3722 487 3763 uourvua.
526 3702 679 3773 Quirinodo
708 3703 792 3765 aliter
819 3706 912 3773 enim,
947 3724 1033 3784 quam
1063 3714 1097 3765 ut
1125 3706 1161 3765 sit
1184 3723 1267 3765 mens
1292 3722 1365 3764 sana
1388 3707 1417 3765 in
1442 3721 1563 3782 corpore

272 3805 361 3865 sauo‘l
383 3804 498 3864 namsi
521 3802 583 3864 bam
605 3804 718 3866 ‹lcderit
739 3805 887 3884 luppiter,
910 3807 1026 3886 reliqua·
1041 3813 1263 3885 ¹consequentur·
1280 3805 1379 3867 ‘laede

342 4023 349 4057 ¹
369 4029 443 4090 poet.
461 4021 529 4089 vet]
548 4061 564 4085 .‚
579 4062 585 4075 .
601 4062 606 4073 .
622 4040 786 4076 rorumesse
800 4026 869 4090 quod
881 4029 910 4076 in
923 4027 1092 4077 carminibus
1104 4028 1210 4092 Appius
1220 4027 1277 4087 sit,
1297 4025 1421 4074 Febrnrn
1434 4040 1500 4075 esse·
1510 4038 1563 4073 sure

274 4125 407 4176 quemque
427 4110 570 4159 t‘ortuure''.
591 4109 636 4159 Or.
650 4109 685 4159 ed
703 4108 774 4160 Cres.
787 4110 821 4159 de
840 4126 895 4175 rep.
910 4111 996 4161 ordin.
1008 4110 1111 4161 Selust.
1124 4112 1188 4162 trib.
1203 4127 1226 4161 e.
1244 4111 1264 4160 l.
1318 4108 1512 4175 Salustdssst
1525 4108 1563 4159 5².

215 4208 216 4215 ¹
275 4194 322 4244 nbi
335 4182 435 4244 Catoni
455 4193 503 4243 illa
521 4194 607 4244 verbu
625 4193 797 4243 tribuuntur:
817 4195 896 4256 „Non
915 4197 988 4245 votis
1006 4210 1095 4260 neque
1108 4195 1254 4261 suppliciis
1267 4193 1451 4244 muliebribus
1464 4193 1564 4244 anxilio

275 4280 385 4329 deornm
404 4284 549 4344 parentur:
569 4277 723 4344 vigilando,
746 4279 865 4344 agendo,
886 4279 957 4328 bene
1011 4280 1162 4344 infestique
1181 4284 1269 4329 sunt’'.
1323 4278 1333 4310 ³
1352 4295 1407 4328 non
1427 4285 1503 4328 recte
1522 4294 1564 4343 pe·

275 4361 413 4428 tontole]
433 4365 543 4414 Mireris
560 4364 652 4415 Persii
669 4370 721 4414 sot.
734 4364 770 4413 ll.
784 4363 810 4414 b.
825 4362 842 4412 l.
857 4365 885 4412 in
904 4378 981 4412 nsum
1000 4368 1127 4415 vocatum
1146 4381 1200 4415 non
1213 4379 1284 4413 esso.
1320 4363 1331 4394 ⁷
1349 4361 1565 4428 Homer.]1liad.

276 4449 324 4498 lX.
336 4444 394 4496 498.
402 4445 460 4496 502.
473 4447 530 4499 Kal
542 4440 598 4513 prio
611 4462 639 4497 τε
652 4446 739 4500 Atrei
750 4441 804 4497 rior
818 4440 886 4504 Διὸς
899 4447 1002 4512 κοῦραι
1014 4441 1159 4514 μεγάλοιο.
1178 4449 1289 4499 Etenim
1301 4449 1405 4498 Preces
1417 4452 1484 4499 sunt
1496 4447 1566 4497 Iovis

276 4532 341 4581 iiliae
365 4528 498 4595 [famulis]
522 4534 624 4598 magni.
653 4522 750 4598 Erigat
766 4532 810 4594 (=
822 4532 917 4591 Assoi)
941 4532 1055 4591 Preces,
1080 4534 1265 4598 precationes.
1340 4530 1359 4564 ¹¹
1386 4531 1435 4581 ilie
1460 4549 1505 4599 up.
1524 4528 1567 4595 1.]

276 4614 472 4665 Ischomachus
490 4632 534 4682 op.
548 4616 671 4681 Xenoph.
686 4633 818 4670 reconem.
835 4615 901 4677 ihs.
921 4616 964 4667 cf.
976 4617 1145 4667 Memorobb.
1159 4618 1210 4667 111.
1226 4616 1264 4665 12.
1333 4614 1355 4646 ³¹
1376 4617 1504 4668 lurensi.
1518 4622 1568 4667 set

278 4699 311 4748 X.
324 4692 382 4745 356.
403 4698 562 4758 „Orondum
582 4707 636 4761 ost,
656 4706 686 4749 ut
703 4702 741 4751 sit
758 4715 835 4752 mens
852 4716 922 4750 sunu
940 4702 969 4754 in
988 4715 1103 4764 corpore
1121 4699 1230 4750 sono’'.·
1331 4698 1339 4708 ’
