3188 5422
235 325 308 396 456
678 353 794 388 otthoul
814 353 1086 388 Psttvnouvrrnruct.
1154 370 1156 373 ·

234 515 292 588 ipse
319 511 491 573 maledictum
520 511 611 585 aperis
638 510 700 566 aliis
721 510 834 572 caelum.
863 508 934 565 unde
962 510 1020 583 ipse
1043 509 1139 583 procul
1162 510 1288 567 exclusus
1311 529 1359 574 es:
1389 530 1521 569 cousecras

234 604 390 660 execratum
413 595 642 657 excommunicas,
659 596 709 650 -cui
732 594 800 651 nihil
823 603 866 651 est
887 611 947 649 cunr
970 594 1072 650 sanctis
1093 613 1250 651 commuue:
1275 596 1341 668 quid
1365 597 1436 652 enim
1458 598 1522 651 inter

237 690 262 737 te
285 690 313 736 et
336 681 485 737 lurcorum
505 679 612 741 ducem.
643 680 695 734 uisi
720 679 792 752 quorl
815 688 843 734 tu
865 678 964 733 Christi
994 678 1152 734 vocabulum
1181 681 1329 753 praeteris?
1359 691 1433 736 certe
1455 699 1522 735 mens

237 766 343 826 eadem,
366 763 521 820 consimiles
545 764 605 819 vitre
629 764 738 819 sordes:
764 771 791 818 tu
816 764 902 818 niaior
924 763 998 818 orbis
1021 763 1115 836 pestis.
1165 809 1170 817 ,

167 854 235 901 tito.
300 848 419 905 lulius.
458 852 492 903 ht
519 866 571 921 ogo
599 848 740 921 cupiebam
770 847 911 904 ecclesiam
940 847 1065 903 omuibus
1087 846 1166 903 honis
1188 856 1357 904 exornatam,
1403 850 1448 904 secl
1469 851 1538 904 nri-s

234 934 366 1013 stotclem*
383 934 459 988 aiunt
483 941 538 988 tres
562 932 695 987 bonorum
718 934 826 988 ordines
848 932 1030 992 constituere,
1054 949 1170 1004 quorum
1186 933 1308 1005 quatiant
1324 942 1391 992 suot
1407 935 1523 994 fortune,

235 1019 517 1092 quaetlamcorporis,
540 1017 663 1091 quaedam
685 1018 795 1073 animae:
818 1018 915 1090 >itaque
938 1016 1063 1072 nolebam
1085 1016 1219 1075 bonorum
1242 1019 1367 1074 ordinem
1390 1020 1524 1078 invertere.

238 1124 252 1159 a
276 1104 394 1158 lortunm
418 1101 496 1156 bonis
519 1103 603 1174 cupi,
627 1103 744 1157 sortasse
766 1101 896 1175 paulatim
919 1102 951 1156 arl
975 1102 1054 1156 antimi
1079 1100 1148 1157 bona
1171 1110 1363 1175 perventurus,
1388 1104 1440 1158 nisi
1462 1120 1525 1177 prae·

235 1196 341 1243 matura
363 1202 437 1242 mors
460 1187 606 1249 terrisme
630 1187 785 1259 eripuisset.

300 1272 435 1329 Petrus.
472 1271 636 1327 Praeruatura
652 1288 728 1331 sane.
752 1288 847 1343 nempe
864 1271 1110 1343 septuagenarium,
1134 1288 1288 1344 (pueriquam
1305 1272 1371 1344 qnid
1388 1289 1456 1345 opus
1470 1278 1551 1326 erato

237 1373 333 1429 simun
357 1356 413 1426 igni
435 1355 569 1411 uiiscore?
1142 1372 1144 1375 ·

169 1448 236 1496 tm.
302 1439 419 1495 lulius.
457 1440 539 1512 Atqui
563 1440 585 1494 si
609 1440 707 1495 desunt
731 1440 783 1495 ista
804 1439 959 1501 commoda,
991 1438 1087 1512 vulgus
1110 1457 1160 1494 uos
1184 1457 1238 1494 non
1262 1439 1310 1512 pili
1342 1441 1438 1512 faciet:
1467 1440 1527 1512 quio

238 1541 441 1598 huncquoque
464 1533 587 1579 metuunt
610 1533 638 1579 et
660 1524 790 1580 oderunt:
819 1533 900 1597 atque
924 1525 961 1580 ita
985 1533 1042 1580 tuta
1064 1524 1218 1598 respublica
1240 1525 1395 1580 Christiana
1416 1523 1527 1580 collaho

239 1619 331 1674 retur,
353 1609 380 1664 ui
402 1618 497 1665 contra
520 1610 572 1664 vim
596 1609 767 1665 inimicorum
790 1626 850 1665 sese
874 1610 944 1664 tueri
968 1614 1083 1682 queat*

301 1695 439 1749 Petrus.
476 1693 559 1754 bomo
583 1695 604 1750 si
620 1693 835 1749 Christianorum
858 1693 955 1765 vulgus
977 1693 1148 1766 conspiceret
1169 1694 1196 1748 in
1219 1702 1245 1748 te
1265 1711 1345 1748 roras
1361 1694 1461 1748 Christi
1483 1693 1552 1748 clo-u

238 1788 295 1840 tes,
318 1795 413 1851 nempe
437 1778 498 1834 vitae
520 1779 738 1839 sanctimoniam.
769 1795 871 1839 sacram
894 1778 1058 1838 doctrinam.
1087 1778 1246 1833 charitatem
1269 1777 1446 1850 flagrantem,
1469 1794 1527 1850 pro-

238 1864 373 1938 phetiam,
396 1863 520 1927 virtutes,
542 1863 594 1919 hoc
618 1871 643 1917 te
666 1863 753 1936 magis
775 1863 939 1935 suspiceret,
965 1879 1019 1935 quo
1042 1881 1056 1916 a
1079 1862 1170 1917 inundi
1192 1863 1343 1919 commodis
1367 1861 1527 1934 intelligeret

239 1935 424 2010 retraherem:
451 1956 479 2002 ct
507 1947 657 2009 Christiana
678 1946 833 2021 respublica
855 1947 938 2003 latius
961 1946 1086 2008 llorcrct.
1117 1947 1140 2001 si
1169 1947 1290 2020 puritate
1319 1947 1395 2007 rim.
1425 1948 1448 2002 si
1469 1963 1528 2002 con-

241 2041 346 2106 temptu
369 2031 551 2105 voluptatum,
575 2032 744 2094 divitiarum,
770 2017 890 2105 imperii]
913 2032 1011 2087 mortis
1033 2031 1183 2104 gentilibus
1204 2039 1279 2086 essct
1301 2031 1438 2086 miranda:
1463 2048 1526 2085 uunc

241 2135 296 2173 nou
319 2116 407 2172 solnm
429 2124 568 2172 contracta
591 2125 632 2171 est
655 2118 682 2172 in
706 2126 866 2189 angustum.
890 2117 1066 2172 verumetiam
1088 2117 1112 2170 si
1133 2115 1294 2188 diligentius
1316 2117 1452 2175 excutias.
1474 2114 1551 2188 ple-n

171 2209 346 2274 §.lassosque
369 2201 477 2256 nomine
499 2202 637 2256 dumtaxat
661 2202 779 2257 invenies
795 2201 972 2256 Christianus.
1017 2199 1114 2266 Qumso
1138 2208 1172 2262 te,
1196 2217 1250 2256 uun
1272 2200 1422 2274 reputebas
1438 2209 1525 2258 tecum.

238 2304 298 2342 enm
321 2303 396 2341 esses
419 2303 539 2341 summus
562 2285 683 2342 eeclesiae
706 2295 816 2359 pastor,
847 2285 945 2358 quibus
968 2286 1056 2342 modis
1084 2293 1146 2340 nata
1175 2292 1249 2340 esset
1276 2285 1407 2345 ecclesia.
1435 2283 1525 2357 quibus

238 2378 332 2432 aucta,
356 2370 455 2442 quihus
477 2370 669 2426 constabilita?
692 2388 756 2427 nuni
780 2368 874 2432 hellis..
896 2387 959 2426 num
983 2370 1094 2444 opibus,
1118 2387 1181 2425 uum
1204 2370 1300 2441 equis?
1325 2371 1409 2425 immo
1432 2370 1525 2442 patieu-

239 2456 291 2517 tis,
320 2455 452 2528 sanguiue
475 2463 624 2528 martyrum
646 2465 673 2512 ct
696 2463 806 2515 nostro.
835 2454 1007 2522 carceribus,
1036 2454 1136 2527 llagris.
1181 2462 1211 2510 tu
1232 2453 1377 2528 ecclesiam
1400 2454 1466 2509 elius
1486 2469 1524 2507 au·

238 2549 324 2601 etam,
353 2557 414 2595 matu
444 2540 575 2600 muorlaoa
598 2539 701 2597 ditione
724 2541 828 2595 onerati
852 2548 916 2594 sunt
938 2539 1012 2594 illius
1035 2540 1166 2601 ministri;
1199 2548 1322 2595 ornatam
1347 2557 1442 2600 rocus,
1470 2532 1547 2592 cunc

240 2625 331 2688 manili
354 2624 511 2681 muneribus
533 2632 561 2680 et
583 2623 684 2680 delitiis
708 2625 880 2697 inquinatum
902 2624 1039 2689 ‹leiensarn
1062 2623 1196 2697 appellas.
1219 2641 1280 2679 cum
1295 2641 1347 2696 pro
1364 2623 1523 2679 sacerdotum

239 2708 348 2783 peculio
364 2710 478 2764 rnuurlus
493 2710 635 2766 universus
658 2708 737 2767 bellis
753 2709 988 2782 pernitisiossimis
1003 2709 1193 2768 conflictatur:
1216 2708 1360 2763 lloreutcm
1375 2709 1451 2768 ilicis.
1471 2723 1522 2762 cum

240 2795 330 2857 rnuiuli
354 2793 539 2867 vuluptatibus
560 2793 707 2853 obuncet:
731 2793 919 2866 tranquillam,
942 2811 1003 2848 cunr
1019 2793 1124 2849 nomine
1139 2791 1304 2851 reclamante
1318 2793 1431 2854 divitiis,
1453 2793 1522 2845 immo

241 2879 313 2934 vitiis
341 2879 456 2936 fruitur:
485 2886 576 2952 atque
594 2878 638 2933 his
671 2878 815 2934 bractealis
843 2877 1011 2951 principibus
1040 2878 1211 2951 imposuisti,
1238 2879 1283 2951 qui
1315 2887 1341 2933 te
1365 2883 1520 2950 preceptore

239 2964 311 3019 (loeti
335 2967 503 3036 inagnatsua
524 2963 667 3019 latrocinia
690 2981 720 3018 ac
742 2962 863 3018 furiosos
885 2962 1027 3018 coullictus
1050 2962 1158 3017 ‘Christi
1181 2962 1379 3017 «lesensiooem’
1402 2968 1497 3017 emant.
1524 2967 1541 3005 s

304 3047 431 3106 lulius.
469 3049 551 3121 Atqui
575 3048 625 3103 ista
648 3065 785 3120 nunquam
809 3055 870 3103 ante
893 3047 989 3102 ortilis-i.

172 3136 241 3183 tatto.
304 3133 436 3189 Petrus.
475 3132 543 3200 Orurl
566 3133 652 3205 igitur
672 3132 805 3187 (lucebant
829 3141 857 3193 te
872 3131 1100 3189 ,contionatoresl

305 3216 426 3273 lulius.
463 3217 504 3273 Ab
534 3216 588 3273 illis
616 3216 654 3273 nil
682 3217 734 3272 nisi
763 3234 850 3276 meras
878 3216 971 3271 laudes
999 3215 1155 3278 audiebam.
1186 3214 1335 3289 phaleratis
1363 3214 1451 3275 verbis
1470 3228 1518 3267 mea

240 3302 376 3374 praeconio
398 3301 578 3368 detonabant,
601 3319 644 3361 me
665 3302 752 3357 lovem
775 3302 974 3357 concutientem
991 3302 1096 3366 omnia,
1119 3318 1162 3356 me
1176 3318 1268 3356 verum
1284 3317 1385 3356 numen
1401 3297 1516 3373 quotum

239 3402 299 3440 esse
322 3385 519 3456 praedicabant.
542 3386 677 3458 publicam
700 3385 775 3442 orbis
798 3385 927 3448 salutem,
951 3385 1055 3461 aliaque
1079 3387 1105 3441 iel
1128 3403 1215 3459 genus
1237 3384 1383 3457 permulta.
1520 3386 1537 3424 ³⁵

301 3470 437 3524 Petrus.
473 3469 527 3525 Nec
543 3471 645 3533 anirum
669 3488 733 3527 saue
755 3470 859 3526 nullum
882 3471 1005 3537 extitisse
1028 3471 1073 3543 qui
1098 3480 1124 3525 te
1147 3471 1285 3531 condiret,
1309 3487 1370 3526 curn
1394 3478 1424 3524 tu
1438 3466 1515 3522 sales·

239 3571 283 3608 sos
306 3553 425 3608 insulsus
448 3563 476 3609 et
504 3555 609 3609 latuus:
636 3572 697 3611 uam
727 3556 751 3610 tt
776 3558 918 3629 proprium
948 3555 1090 3627 apostolici
1120 3556 1169 3610 viri
1200 3571 1311 3617 munus,
1342 3554 1410 3609 alios
1436 3553 1514 3607 tuoe

239 3637 391 3699 Christum,
415 3637 496 3711 iilqne
518 3639 673 3712 purissime.

307 3818 336 3851 '²⁰
354 3818 508 3885 Aristotel.]
528 3821 611 3871 Polit.
625 3822 687 3870 Vll.
704 3820 726 3870 l.
751 3820 857 3884 ‚,tpioir
875 3813 967 3872 ου’σοῖν
985 3820 1121 3887 μερίδων,
1140 3819 1196 3872 τῶν
1213 3801 1250 3871 te
1262 3813 1343 3878 ἕιτὸς
1360 3816 1409 3870 καὶ
1428 3815 1476 3868 ro‘r
1490 3803 1513 3862 lt

238 3902 277 3969 τῷ
295 3895 402 3969 σώματι
426 3901 477 3955 καὶ
499 3904 555 3956 τῶν
579 3897 610 3956 ἐν
634 3905 668 3971 τῇ
691 3904 779 3971 ψυχῇ
804 3907 896 3961 Etbic.
910 3922 1001 3971 magu.
1015 3909 1037 3956 I.
1051 3906 1075 3956 3.
1094 3909 1193 3957 inverso
1213 3908 1305 3956 ordine
1327 3909 1366 3955 ae'c
1383 3904 1454 3954 hobel
1469 3892 1511 3948 tro

238 3981 293 4053 γὰρ
311 3988 366 4040 τῶν
384 3979 507 4053 α’γαθοόν
522 3983 559 4041 ,rol
577 3984 630 4056 μὲν
650 3982 680 4040 ἐν
699 3989 793 4055 ψυχῇ,
814 4026 828 4039 ..
849 3983 883 4039 τὰ
902 3980 929 4042 δ’
948 3982 979 4040 ἐν
997 3987 1035 4055 τῷ
1054 3982 1173 4056 σώματι,
1193 3985 1227 4040 τὰ
1247 3981 1274 4041 δ’
1287 3983 1375 4048 ἐκτός.
1422 3989 1431 4018 ⁷
1449 3984 1510 4035 areb

239 4076 338 4124 anhuae
356 4079 467 4126 amaa.
487 4077 573 4125 enimi
590 4082 649 4125 cett.
686 4074 1062 4126 ⁸vonturus2.3.5.8.ll.l5.
1111 4074 1132 4123 ¹⁰
1150 4083 1224 4125 esset
1242 4079 1311 4125 me.
1362 4072 1382 4105 ¹³
1400 4074 1481 4124 odorat
1495 4067 1511 4113 l·

239 4159 355 4208 odorant
373 4163 413 4209 10.
434 4161 505 4211 lueet
521 4161 587 4210 Arri
603 4161 650 4210 hue
664 4160 778 4224 pertinet
797 4159 913 4209 Oderint
932 4161 999 4217 dum·
1013 4147 1151 4211 metuent
1202 4158 1221 4190 ¹⁹
1241 4174 1303 4208 esse
1324 4151 1510 4209 admiranda-2·

238 4247 312 4291 esset
331 4245 611 4301 admir.3.5.8.11.15s
667 4243 690 4275 ²⁰
709 4246 907 4309 angustissime
927 4247 1024 4295 auri.
1083 4242 1105 4274 ²³
1124 4244 1266 4308 pacientis
1284 4247 1312 4292 21
1358 4239 1512 4292 ”mundant

239 4329 377 4376 1.5·.10.15.
397 4327 586 4381 bunmnaolit.
639 4326 661 4358 ²⁴³
680 4331 794 4378 elido.
815 4345 849 4378 ec
868 4331 1023 4380 2.3.5.8.11.
1076 4327 1188 4377 deliciis
1205 4330 1230 4378 8.
1295 4324 1317 4357 ²⁹
1337 4325 1478 4378 bracteam
1492 4318 1509 4365 l·

238 4410 496 4475 erubrusmnroe)
536 4413 691 4463 bracteolis
709 4411 938 4464 titutiszssut.
992 4412 1014 4444 ³⁰
1033 4413 1143 4462 furiosis
1162 4416 1187 4461 1.
1239 4410 1260 4443 ³¹
1281 4417 1348 4463 unte
1367 4413 1418 4462 hec
1436 4409 1462 4473 (s.
1473 4416 1509 4452 ⁸1¹·

238 4495 331 4559 lehre)
351 4499 545 4547 unanima.
599 4496 621 4527 ¹³³
640 4499 846 4549 concionatores
866 4501 916 4546 to.
935 4498 1146 4548 concionatores
1165 4485 1380 4547 tutionem.
1435 4490 1454 4524 ³³
1467 4485 1510 4537 5¹5⁸

234 4578 346 4639 quidem
363 4579 434 4628 vnihil
454 4583 691 4631 11.2.3.5.8.tr.15.
762 4579 785 4612 ³⁴
803 4582 896 4631 Iouem
916 4581 1037 4636 fulmine,
1050 4597 1125 4631 conc.
1140 4583 1340 4632 2.3.5.8.11.15.
1399 4572 1509 4643 quotltltm

239 4674 338 4708 numen
358 4665 555 4714 tumultis.
609 4664 631 4695 ³⁸
650 4667 693 4716 (tf,
707 4668 792 4715 blare.
809 4667 853 4718 lX.
869 4664 910 4714 40.
925 4672 972 4715 etc.
