3232 5422
273 357 351 437 ’358
451 378 493 427 X.
564 392 689 428 romeon
709 391 860 427 ascranae.
931 389 1276 426 niacoovsnvrramcve.
1296 372 1384 436 (isto.)

278 547 407 626 probare
429 545 567 607 voluisset
582 548 666 605 istam
681 544 842 606 insectandi
857 538 1019 604 Lutliemm
1035 543 1158 611 rabiem,
1184 550 1212 604 et
1233 544 1265 603 in
1286 542 1473 603 manifestum
1490 541 1557 600 adeo

278 665 427 716 errorem,
450 656 534 706 atrox
557 644 670 705 lacinus
692 662 824 723 praeceps
845 645 906 706 iret
1041 650 1043 654 ‘
1251 719 1256 726 .

277 742 400 825 3:3⁰¹!
464 765 614 807 nomnen.
653 745 743 806 Video
771 745 842 805 nihil
870 745 907 805 ab
942 746 1052 824 optima
1084 745 1199 805 ratione
1231 743 1360 804 alienum
1396 743 1494 803 conari
1523 751 1556 802 te:

279 849 377 926 itaque
400 864 460 906 non
481 845 603 924 pudebit
626 865 673 907 me
696 844 867 916 consilium,
890 848 973 907 cuius
993 845 1047 906 tibi
1069 845 1177 906 author
1199 863 1264 906 esse
1287 839 1382 914 volui,
1406 843 1558 923 improbare

280 947 401 1028 posthac
424 953 453 1007 et
475 947 588 1007 diversa
611 947 703 1025 sequi.
1563 957 1571 994 ⁵

211 1065 270 1114 aaa.
343 1067 543 1118 rememora.
581 1048 644 1107 Hoc
660 1055 690 1107 tu
706 1047 828 1117 videris,
844 1049 915 1108 nubi
931 1047 978 1109 ille
993 1048 1180 1108 vehementer
1196 1064 1275 1107 curae
1290 1055 1350 1116 est,
1368 1047 1435 1126 qui,
1451 1053 1559 1107 cumtot

279 1130 469 1226 restemque
490 1150 663 1221 necessariae
686 1150 828 1224 gerendae
844 1151 902 1209 iam
925 1151 997 1220 sint,
1026 1149 1218 1229 nequissimis
1233 1148 1406 1208 homiuibus
1428 1147 1464 1208 ad
1484 1163 1559 1223 nege

279 1251 317 1311 tia
341 1248 449 1309 nullius
470 1247 556 1310 bonae
573 1249 665 1327 irugis
680 1250 861 1311 abutendum
876 1251 1050 1329 se-praebct:
1074 1268 1161 1329 mem
1176 1257 1246 1309 sunt
1260 1248 1351 1309 multa
1369 1250 1449 1309 enirn
1464 1247 1559 1325 agenda

278 1348 477 1433 ssffisstflssffissgssflffll
494 1349 507 1419 4Ι
529 1353 612 1429 prius
632 1351 673 1411 illi
695 1370 783 1430 quam
806 1353 1004 1413 inociosorum
1020 1351 1252 1412 sacrificulorum
1269 1349 1507 1427 sollicitationum
1521 1348 1560 1409 ali·

279 1452 348 1530 quid
371 1469 450 1511 curae
472 1452 632 1528 partiatur?
661 1471 728 1512 nam
752 1459 781 1513 et
803 1449 952 1513 iatrocinia
975 1451 1131 1513 inhibenda
1156 1471 1190 1512 ac
1211 1450 1389 1529 monopolio
1404 1449 1579 1516 antoanam

280 1560 309 1612 et
335 1552 575 1629 recognoscenda
602 1554 721 1612 inlicita
741 1553 930 1632 sacerdotum
961 1552 1081 1632 collegia
1112 1565 1277 1630 magnaque
1306 1570 1343 1612 ex
1366 1557 1452 1629 parte
1473 1548 1559 1610 dissol-

281 1654 383 1720 venda,
407 1660 436 1713 et
457 1652 671 1713 causidicorum
695 1655 907 1731 compescenda
929 1655 1035 1722 rabies,
1059 1674 1094 1714 ac
1114 1652 1231 1732 publica
1253 1653 1369 1713 luxuria
1387 1652 1561 1713 severissimis

213 1767 231 1817 t.
240 1771 273 1813 aa.
282 1753 446 1817 coercenda
461 1753 583 1831 legibus,
607 1754 696 1816 multa
713 1772 869 1834 perperam
885 1755 1064 1833 abantiquis
1079 1757 1187 1816 sancita
1204 1753 1402 1819 retractanda.
1437 1753 1492 1812 hoc
1507 1769 1561 1812 vero

281 1853 386 1930 3335*
407 1866 414 1936 Ι
437 1872 525 1933 mam
554 1873 674 1915 necesse
705 1855 805 1924 luerit,
836 1857 1004 1916 alllucntem
1032 1857 1155 1916 fratrum
1184 1864 1213 1916 et
1236 1855 1452 1915 monachorum
1474 1872 1560 1914 nume·

281 1973 346 2017 rum
369 1955 405 2016 ad
428 1973 572 2016 summam
596 1956 788 2016 raritndinem
812 1964 840 2016 et
862 1957 1036 2034 paucitatem
1058 1957 1145 2034 longe
1167 1964 1337 2018 extremam
1351 1955 1502 2033 redigere,
1522 1934 1581 2014 aeia

281 2054 395 2131 §123⁵th
417 2053 425 2123 Ι
448 2058 534 2117 etiam
558 2075 593 2116 ex
615 2064 677 2115 toto
700 2058 819 2133 ordines
841 2060 891 2135 ‹pui
913 2050 1056 2118 vocantur'
1076 2057 1196 2118 abolere
1218 2064 1247 2116 et
1269 2075 1391 2117 ornnem
1412 2055 1502 2117 semel
1521 2073 1559 2114 au·

283 2157 362 2217 ierrc
384 2157 582 2235 hypocrisim?
610 2147 754 2235 praeterea
783 2157 873 2219 libido
896 2160 1005 2235 passim
1027 2157 1160 2227 maluit,
1190 2160 1427 2236 constringatur:
1462 2155 1559 2217 muudi·

283 2259 329 2317 tiis
352 2258 484 2318 immines
506 2258 625 2318 student
646 2258 712 2336 plus
735 2278 821 2338 qtram
845 2259 1056 2331 muliebribus,
1080 2259 1242 2320 intercedat
1263 2258 1299 2319 ad
1323 2258 1457 2318 laborem
1480 2256 1558 2333 etde

216 2356 382 2433 §.aagttffilff
405 2365 412 2436 Ι
434 2360 530 2419 ritiem
554 2362 676 2420 coactio.
721 2360 844 2420 decebat
866 2362 953 2421 etiarn
982 2361 1209 2422 valentissimum
1239 2377 1388 2438 quemque
1405 2348 1448 2419 ⁴>'et
1474 2359 1557 2435 prima

284 2461 412 2528 virtutis,
441 2478 541 2520 senem
570 2469 620 2521 aut
641 2463 791 2530 iuvenem,
823 2460 985 2522 bonoribus
1007 2479 1041 2522 ac
1063 2462 1191 2539 praemiis
1211 2460 1354 2528 adlicere,
1380 2458 1573 2539 quemadmea

285 2561 354 2622 dum
378 2568 407 2623 et
428 2563 478 2631 iis,
492 2580 627 2642 ‘quorum
651 2570 805 2640 perspecta
828 2564 945 2641 egregia
968 2562 1036 2623 belli
1059 2563 1188 2623 facinora
1210 2568 1293 2629 sunt,
1319 2560 1503 2622 decernenda
1523 2574 1556 2617 or·

215 2671 435 2731 §.anementm
464 2654 565 2724 eontra
596 2665 714 2724 notandi
743 2665 792 2742 qui
819 2682 851 2723 se
879 2662 1041 2724 sceleribus
1069 2664 1300 2724 obstrinxerunt.
1346 2661 1422 2722 Nam
1450 2660 1484 2721 ad
1510 2673 1556 2718 ren

283 2763 370 2838 223⁰·
393 2763 400 2834 Ι
424 2767 618 2826 nummariam
641 2765 720 2843 quod
742 2765 881 2841 pertinet,
895 2765 1128 2843 procurandam
1151 2781 1215 2824 eam
1237 2764 1371 2823 existimo
1396 2763 1444 2839 bic
1465 2765 1557 2821 retento

283 2865 360 2942 quod
385 2865 517 2925 Romano
539 2866 672 2929 Pontifici
694 2866 830 2926 deserunt
852 2865 1016 2934 Curtisani,·
1041 2873 1070 2926 et
1091 2864 1289 2945 quodcunque
1304 2883 1365 2943 per
1389 2863 1466 2924 illam
1487 2862 1556 2922 bene

286 2966 420 3025 liciorum
441 2968 668 3044 negotiationem
692 2986 727 3027 eo
750 2967 839 3034 redit,
863 2966 1000 3045 quodque
1012 2984 1077 3043 pro
1092 2966 1294 3044 nugacissimis
1309 2965 1461 3031 mercibus
1472 2964 1507 3024 ad
1521 2970 1578 3023 et·tt

216 3082 380 3133 §.aerucam
400 3081 407 3151 Ι
430 3075 528 3128 ternas
551 3069 682 3128 nationes
699 3067 841 3127 lumbari
864 3067 1030 3145 deportant.
1076 3069 1145 3129 llaec
1167 3075 1196 3127 et
1217 3066 1386 3127 huiusmodi
1408 3067 1515 3127 insnrita
1533 3061 1560 3119 si·

286 3167 402 3244 quando
426 3177 565 3229 executus
587 3168 635 3230 ille
658 3168 759 3238 luerit,
782 3176 852 3228 tunc
875 3170 983 3246 poterit
1004 3171 1033 3229 in
1049 3170 1121 3229 ocio
1144 3186 1210 3248 quae
1232 3168 1268 3227 ad
1290 3186 1323 3228 se
1346 3186 1407 3227 non
1429 3167 1563 3245 pertinent

286 3285 393 3320 amaena..
416 3266 423 3335 Ι
447 3287 642 3346 cognoscere:
667 3277 747 3330 certe
769 3272 974 3347 enim‘parum
999 3270 1106 3330 utiliter
1129 3257 1571 3347 impetumadministrabitsi

284 3383 393 3421 caraem.
415 3378 422 3448 Ι
445 3386 477 3428 se
499 3372 595 3429 statim
617 3370 654 3430 ab
678 3370 823 3430 altissimis
846 3370 1069 3448 cogitationibus
1091 3370 1127 3430 ad
1150 3371 1279 3431 intimam
1302 3371 1504 3430 curiositatem
1524 3366 1580 3427 ab‘

284 3466 532 3545 ducipermittet.
1596 3462 1612 3501 ³⁰

347 3587 499 3630 nourros.
538 3571 574 3630 Et
601 3578 698 3632 tamen
728 3591 849 3642 curare,
880 3571 1199 3650 nequopericulosius
1227 3571 1351 3632 evadant
1373 3572 1404 3632 bi
1428 3570 1605 3632 tumultu&

285 3684 344 3726 non
366 3668 467 3729 inutile
490 3672 605 3747 penitus
627 3672 724 3732 luerit.

217 3758 274 3830 ΜΤ.
288 3765 507 3845 biffliffililffl'
533 3773 540 3844 Ι
604 3794 804 3836 rsauoascas.
843 3773 1043 3836 alt-tumultus
1065 3792 1124 3833 uon
1147 3780 1258 3853 essent,
1281 3775 1337 3833 nisi
1359 3773 1408 3834 ille
1431 3792 1465 3833 sc
1488 3765 1612 3833 immi*

286 3872 410 3931 senisset
431 3874 563 3948 negotio,
593 3875 629 3935 ad
656 3876 736 3954 quod
765 3894 818 3954 per
846 3878 943 3936 omnia
966 3874 1181 3935 connivendum
1204 3875 1301 3951 potius
1331 3881 1397 3934 erat
1425 3892 1515 3952 qnam
1537 3870 1612 3932 νύ

285 3971 375 4032 verbo
397 3973 663 4035 interturbandum.
709 3985 794 4054 putas
817 3978 893 4037 enim
916 3976 1142 4038 subcrescentem
1163 3979 1191 4036 in
1208 3977 1366 4037 Germania
1391 3993 1472 4036 nunc
1494 3993 1579 4036 erar·
1610 3988 1612 3991 ·

285 4073 386 4148 gelicae
408 4074 563 4145 doctrinae,
594 4078 725 4138 Lutbero
748 4072 934 4155 dispensante
956 4079 1167 4155 cognitionem,
1198 4078 1222 4136 si
1252 4094 1310 4144 non
1335 4077 1477 4138 audisset·
1490 4076 1612 4137 llari!

351 4258 362 4289 ⁸
381 4261 469 4319 „Cum
487 4266 529 4311 tot
547 4263 686 4311 sustineas
700 4267 727 4311 et
740 4267 818 4311 tauta
831 4264 944 4327 negotia
957 4262 1047 4312 solus”
1066 4263 1132 4311 Hor.
1140 4264 1220 4327 epist.
1228 4263 1263 4311 ΙΙ.
1275 4261 1297 4324 l,
1309 4272 1326 4311 t.
1342 4262 1390 4323 (ab
1397 4264 1524 4328 Augusto
1537 4257 1612 4310 ef

284 4342 397 4405 petita.)
439 4344 449 4376 ⁹
467 4345 517 4408 illi,
533 4361 615 4410 quam
628 4347 780 4395 inociosum
795 4346 953 4408 (inotiosnm
966 4345 1007 4412 2.)
1021 4345 1239 4396 sacrificulorum
1251 4346 1494 4409 sollicitationem
1515 4341 1612 4403 alit}

285 4440 342 4489 cp.
356 4428 417 4477 edd.
436 4430 505 4480 Mihi
518 4430 685 4480 Franciscus
697 4430 792 4481 dicere
804 4432 879 4480 visus
893 4436 936 4480 est
949 4431 1036 4480 multe
1048 4430 1142 4480 Caroli
1161 4445 1242 4480 curas
1261 4436 1289 4479 et
1306 4429 1421 4480 labores
1441 4425 1612 4480 ardentia!

285 4509 441 4574 efflagitare
461 4529 542 4576 quam
555 4522 584 4562 ut
596 4516 791 4579 indefatigatis
805 4515 966 4564 clericorum
980 4516 1055 4580 ipsos
1068 4530 1129 4564 sese
1141 4515 1244 4578 ubique
1257 4515 1447 4578 ingerentium
1467 4511 1612 4578 [inociff

285 4591 383 4656 sorum]
398 4595 642 4646 sollicitationibus
655 4614 736 4648 arares
749 4599 873 4664 praebere
887 4600 982 4663 eisque
995 4601 1064 4650 satis
1078 4600 1172 4649 lacere
1186 4598 1293 4648 liceret.
1310 4599 1397 4648 sittace
1411 4605 1485 4649 etiam
1497 4600 1612 4662 praed

191 4746 192 4750 Ἰ
286 4676 436 4724 inoeiosam
451 4693 521 4727 saer.
537 4679 764 4731 sollicitationem
779 4684 884 4747 aliquid
897 4699 993 4733 curare
1006 4685 1139 4749 patiatur.
1160 4683 1202 4732 Oi
1215 4660 1289 4742 §sag
1336 4680 1359 4713 ²³
1372 4682 1507 4732 Curtiaini
1519 4682 1612 4731 edd
