3188 5422
243 399 305 449 XII.
360 413 520 448 -ιιιιιιιιιιιιι,
591 413 925 449 oraooavsuurreurcvs
955 400 1131 461 (rosrvuvs).
1256 386 1330 458 413

34 566 111 641 ipsis
133 566 221 625 ειὶιιιιι
244 566 448 628 dirimentibus
471 568 614 627 ruentium
638 566 785 628 altissimis
799 566 934 645 Alpibus,
959 587 994 627 eo
1014 568 1228 646 desperationis
1243 571 1330 646 adegi

36 668 186 727 civitatem
210 667 388 736 itomanam,
412 676 445 729 ut
468 667 517 728 ille
538 668 689 744 Augustus
711 670 889 746 lmperator,
913 687 1000 746 quem
1023 668 1118 728 solum
1141 667 1247 748 alioqui
1263 683 1398 748 per-ter,

37 774 133 845 petuo
154 768 268 829 felicem
293 778 399 830 vocant
413 771 569 839 immines,
594 778 623 830 et
645 789 703 849 quo
727 788 813 830 nemo
829 770 990 848 potentior,
1013 770 1092 847 quod
1108 778 1210 830 omnes
1224 772 1330 839 sciunt,
1457 758 1461 763 ’

38 869 169 946 imperio
192 868 235 931 illi·
254 872 386 950 praeluit.
411 874 450 931 ita
472 870 618 931 obstinate
640 873 768 948 primurn
789 872 866 930 mori
882 871 1059 937 decreverit,
1083 889 1121 932 ne
1137 871 1246 931 videret
1261 879 1332 950 puto

22 971 120 1048 ·qnod
144 971 215 1031 mibi
237 974 266 1033 iu
285 981 416 1033 mentem
439 989 591 1051 nunquam
613 980 748 1041 venerat,
773 972 897 1032 Romam
920 973 985 1049 capi
1008 991 1023 1031 a
1048 990 1109 1040 me,
1133 980 1165 1032 ut
1179 975 1348 1050 ,caputio--

38 1071 125 1132 ribus
149 1072 262 1135 illisisse
285 1090 353 1134 earm
375 1075 525 1134 memoriae
547 1075 695 1152 proditum
718 1074 770 1142 sit,
800 1074 918 1133 taudem
941 1071 1080 1133 excubias
1103 1079 1161 1133 tota
1185 1072 1274 1142 urbe,
1302 1075 1333 1133 in

38 1177 135 1249 portis
158 1177 310 1256 spadones,
345 1183 426 1235 extra
449 1175 583 1252 praesidia
610 1176 805 1254 disposuerit,
839 1173 1006 1235 rectoribus
1033 1175 1250 1250 provinciarum
1279 1175 1332 1235 im·

39 1277 157 1351 perium
181 1279 398 1355 prorogaverit,
428 1278 487 1336 lovi
510 1278 621 1355 optimo
643 1278 770 1337 maximo
792 1278 816 1336 si
839 1278 868 1336 in
891 1274 1042 1335 meliorem
1064 1280 1172 1335 statum
1200 1277 1333 1335 uertisset

40 1376 272 1454 rempublicam,
301 1396 424 1455 magnos
446 1377 532 1438 ludos
555 1377 850 1458 voveritebreviter,
880 1379 918 1436 ita
942 1376 1100 1437 derorum
1124 1393 1238 1437 summa
1262 1389 1400 1439 cori-tu.

22 1477 195 1539 teultarerit
224 1497 259 1541 ac
288 1482 316 1539 in
338 1498 477 1557 suprema
499 1481 672 1539 necessitate
695 1480 759 1539 lieri
781 1477 870 1546 solet,
900 1494 996 1556 neque
1019 1477 1075 1537 alio
1097 1484 1232 1556 tempore
1256 1477 1333 1538 selli-

40 1579 127 1639 citins
150 1588 270 1640 cautum
293 1579 364 1641 illud
386 1581 488 1641 Romae
511 1583 561 1649 sit,
584 1600 622 1642 ne
645 1580 715 1659 quid
739 1579 906 1643 detrimenti
929 1578 1094 1657 respublica
1119 1587 1253 1657 caperet,
1281 1598 1332 1657 pa·

38 1698 92 1740 vor
116 1681 226 1759 ubique
249 1682 470 1743 eoohrsissimus
492 1683 644 1742 bominum
666 1689 779 1754 mentes
801 1679 1055 1759 perculeritziuit
1069 1682 1146 1740 euim
1162 1682 1331 1758 gravissima

39 1781 104 1842 lraee
127 1782 266 1843 Romanis
288 1782 400 1852 clades,
430 1803 506 1862 pene
535 1782 688 1845 exitiabilis
717 1783 813 1845 eiiam.
859 1781 896 1840 Et
923 1781 980 1842 boc
1002 1790 1129 1859 emptum
1152 1790 1239 1860 atque
1261 1797 1401 1860 per-tea.

40 1882 151 1943 lectum
180 1902 271 1944 arne
300 1894 344 1945 est
373 1887 491 1945 correise
518 1893 607 1964 atque
636 1884 772 1962 pervulsa
802 1885 976 1963 penitusque
1004 1883 1137 1961 deposito
1166 1886 1333 1945 Germaoiae

22 1992 135 2053 astato,
160 1984 236 2044 iliius
259 2005 328 2047 vero
351 1986 520 2064 reipublicae
536 1986 750 2047 florentissimis
765 1983 871 2053 rebus,
895 1985 1248 2055 iortunasecundissima,
1272 2006 1332 2047 nra·

37 2088 125 2146 xlmis
150 2087 350 2156 incrementis,
385 2107 451 2148 oum
475 2106 572 2166 neuere
594 2096 626 2146 ut
647 2087 811 2149 Alexander
841 2107 856 2147 a
884 2096 967 2165 patre
995 2105 1136 2165 regnum,
1175 2106 1272 2166 neque
1301 2098 1335 2149 ιιι

36 2191 85 2248 isti
105 2207 125 2248 a
149 2196 253 2249 senatu
275 2192 435 2250 exercitum
457 2206 523 2250 eum
548 2191 670 2266 irnperio
689 2192 882 2267 accepissem.
927 2190 1038 2250 Deinde
1059 2188 1140 2248 alios
1154 2197 1242 2267 atque
1257 2189 1400 2253 aliosne.

36 2291 179 2351 continue
201 2290 283 2351 domi
304 2299 400 2352 nrotns
422 2292 600 2369 compressi;
631 2293 743 2352 omneis
772 2292 901 2370 undique
924 2291 1096 2352 delectionis
1117 2290 1258 2351 authores
1280 2310 1331 2368 pe·

35 2390 159 2458 stulavi,
183 2398 212 2451 et
234 2392 390 2452 nonnudos
413 2393 531 2471 quidem
554 2409 675 2453 assensu
698 2393 885 2471 popularium
907 2394 1023 2471 punivi,
1047 2391 1110 2452 aliis
1134 2410 1202 2456 vero
1219 2395 1330 2454 venient
1373 2430 1376 2435 ·

22 2492 211 2570 *petentibus
232 2493 315 2562 dedi;
344 2495 392 2572 qui
414 2495 648 2572 transfugerant,
678 2495 871 2573 reprebendi,
902 2497 952 2573 qui
980 2496 1010 2567 in
1039 2494 1217 2556 deditionem
1240 2501 1332 2563 erant,

37 2595 157 2671 recepi;
181 2597 278 2655 omnia
302 2595 417 2672 flagitiis
440 2597 638 2674 perpurgavia
661 2613 757 2675 neque
784 2616 840 2675 pro
862 2597 1017 2656 Germanis
1039 2594 1130 2661 habui
1152 2596 1202 2673 qui
1223 2595 1332 2655 tributa

38 2696 151 2756 exteris
168 2688 342 2773 'penderent
364 2705 414 2758 ιιιιι
436 2698 499 2758 aliis
525 2691 745 2759 corrditiouibus
773 2697 916 2758 obnoxios
949 2699 1043 2757 teneri
1078 2716 1110 2756 se
1145 2704 1330 2774 proterentem

37 2815 249 2876 sumnnunrpre
271 2799 354 2860 mles
376 2798 553 2877 prodmnari
576 2800 654 2879 quod
676 2802 754 2861 inter
776 2800 871 2859 Albim
895 2806 924 2862 et
944 2798 1082 2858 Rhenum
1111 2800 1200 2874 virgae
1229 2806 1258 2857 et
1285 2816 1331 2857 se·

39 2918 129 2960 cures
150 2918 185 2962 ae
201 2899 334 2963 Remmia
357 2901 406 2963 illa
428 2910 495 2978 toga
518 2910 675 2981 conspecta
690 2901 780 2961 semel
797 2908 903 2961 essent.
941 2900 985 2959 ibi
1000 2900 1209 2960 tumexeitatis
1223 2900 1401 2962 iterumue.

22 3001 79 3062 »ad
103 3002 315 3079 capessendam
337 3002 500 3063 libertatem
523 3003 712 3082 popularium
733 3004 838 3064 animis
861 3003 982 3079 promisi
1004 3002 1067 3061 iere
1096 2999 1184 3079 paulo
1207 3008 1273 3077 post
1295 3019 1332 3061 ne

39 3102 108 3163 otte
131 3105 160 3162 in
184 3107 340 3166 Germania
363 3104 565 3165 Romanorum
588 3103 690 3165 saltem
713 3104 844 3183 reliquiae
866 3110 1070 3181 superessent,
1094 3121 1169 3180 pene
1192 3104 1335 3165 memoria

40 3205 226 3267 aboleretur:
249 3224 305 3266 nee
327 3207 355 3266 id
378 3207 471 3268 multo
492 3214 560 3285 post
581 3208 718 3285 prestiti,
747 3207 878 3284 quamvis
900 3204 978 3264 baud
1002 3205 1122 3282 segnius
1143 3205 1239 3264 omnia
1264 3223 1333 3264 con·

41 3315 87 3367 tra
109 3306 211 3368 hostes
230 3316 426 3395 oonareutur3
456 3327 524 3369 nam
547 3317 579 3369 ιιι
600 3311 726 3370 maxime
748 3315 893 3368 strenuus
909 3307 1033 3385 quisque
1056 3314 1086 3366 et
1106 3308 1209 3384 primae
1237 3309 1275 3366 in
1289 3308 1333 3367 in·

40 3415 161 3469 r‘errtirte
182 3411 246 3488 spei
268 3410 370 3470 Romae
392 3412 459 3479 luit,
490 3413 528 3470 ita
551 3412 760 3472 Germanicum
788 3409 828 3471 illi
858 3409 967 3470 bellurn
996 3408 1155 3469 ulciscendi
1179 3409 1331 3470 Verianum

22 3509 158 3570 triadem
182 3512 277 3571 stridio
300 3511 507 3573 demandatum
530 3519 588 3581 est;
618 3514 698 3573 missi
719 3514 800 3574 baud
821 3511 1054 3573 contemnendus
1076 3510 1153 3571 bello
1180 3513 1223 3571 vir
1245 3511 1269 3571 Τ
1271 3513 1401 3575 ιιι-ιιι.

39 3614 104 3672 rius
120 3612 202 3674 llere
222 3620 251 3673 et
273 3615 302 3673 in
324 3616 426 3691 paucis
449 3615 706 3675 connumerandus
727 3614 804 3676 illius
826 3616 931 3684 irater,
956 3615 1074 3691 egregie
1089 3613 1228 3673 wrdatue
1242 3613 1334 3674 bomo

40 3713 172 3783 linteus,
196 3722 284 3793 atque
306 3714 354 3775 alii
376 3716 419 3775 sic
442 3733 559 3776 mecum
583 3725 784 3785 certaverunt,
807 3716 976 3777 utilomem
998 3717 1108 3778 reversi
1135 3717 1192 3793 ipsi
1214 3717 1339 3793 quidem·

39 3816 267 3893 triumpharint,
301 3833 356 3893 ego
385 3834 454 3877 vero
482 3816 622 3895 gliscente
651 3819 743 3879 indies
772 3816 905 3879 libertate
933 3821 1093 3880 immunem
1125 3826 1154 3877 et
1172 3819 1227 3878 -sui
1260 3820 1332 3877 iuris

40 3918 229 3977 Germaniam
253 3918 440 3979 obtinuerim.
490 3919 573 3980 'lunc
603 3927 631 3979 et
657 3922 801 3997 vigentem
828 3922 917 3980 animi
945 3920 1094 3980 alacritate
1122 3920 1330 3997 imperatorem
1342 3930 1360 3978 t.
1368 3933 1400 3976 ar.

22 4018 253 4078 ⁵Germanieunr
276 4027 305 4079 et
326 4019 415 4098 louge
438 4019 545 4081 militiae
568 4040 623 4081 usu
645 4020 805 4099 pellentem
827 4021 904 4082 illius
926 4020 1053 4100 legatum
1069 4022 1243 4088 Caeeinnam,
1267 4038 1334 4080 cuer

40 4117 122 4179 mille
145 4121 233 4180 etiam
255 4137 358 4190 naves,
387 4128 526 4201 tanquam
549 4123 586 4183 ad
608 4124 834 4202 expugnandam
857 4123 992 4191 Troiam,
1023 4122 1164 4183 adversus
1190 4140 1242 4181 me
1266 4139 1332 4199 age

42 4211 162 4290 rentur,
196 4223 310 4298 rnagois
337 4241 371 4282 ac
399 4225 512 4284 miseris
540 4243 608 4284 oum
630 4223 739 4303 populi
760 4223 885 4284 Romani
912 4222 1044 4284 cladibus
1072 4225 1196 4283 sustinui
1225 4242 1260 4283 eo
1287 4241 1334 4283 re·

41 4324 152 4399 pressi,
182 4329 212 4382 et
233 4323 451 4394 dariovddum,
479 4326 656 4385 batavorum
685 4325 805 4394 ducem,
835 4327 911 4384 inter
938 4324 1043 4385 auxilio
1072 4325 1203 4385 Romana
1234 4324 1334 4388 multis

42 4442 108 4485 enm
133 4422 282 4485 nobilibus
304 4425 410 4494 eeeidi;
439 4416 537 4487 sattos
556 4445 593 4487 ao
614 4425 753 4504 Phrysios
775 4444 791 4484 a
814 4425 927 4491 diversa
951 4433 980 4491 et
1002 4429 1081 4504 ipsos
1108 4434 1202 4503 parte·
1221 4428 1333 4488 vindice

102 4632 195 4678 ‘cum
216 4631 239 4678 1.
276 4627 296 4667 ἰ
314 4634 510 4696 onrnee3.apq.
546 4628 569 4661 ¹⁰
587 4631 615 4678 in
634 4625 813 4694 deditionem]
832 4636 917 4679 reete:
935 4632 972 4679 aie
989 4630 1176 4681 Taciturelium
1196 4634 1224 4681 in
1243 4639 1332 4683 eusto-

45 4711 115 4762 diem
128 4713 234 4763 babere
247 4720 272 4762 et
285 4731 367 4779 per.
403 4713 701 4779 8θΤγιιιιιίιιεΙ.ιίιιιὶἰ.
737 4711 1010 4776 deterrentibus.
1047 4715 1333 4770 ³·rrietoso.erett.
