3210 5416
218 415 221 421 .
294 381 409 430 marcor
431 396 536 429 serrum
554 394 671 429 rnsrrvu
691 395 816 429 eaunrrar.
855 377 897 443 [ml
918 393 1052 428 canotus.
1243 364 1318 434 563

87 552 240 628 Sibylla.
273 552 338 620 (luis
361 571 402 608 me
424 552 561 627 adpellari

87 638 249 694 Carolus.
286 638 399 695 Carolus
420 638 609 712 Hispaniarum
631 655 687 694 rer.
1214 672 1216 675 .

90 721 238 796 Sibylla.
274 723 420 796 Contingat
442 724 490 779 tibi
513 725 586 797 quod
610 734 701 796 optas,
725 722 881 778 mortalium
904 723 1024 779 omnium
1045 722 1209 779 felicissime.

90 808 232 863 Genius.
269 808 395 881 Purgatio
411 808 536 870 auribus,
559 808 672 864 Curolel
694 826 754 864 uam
771 807 886 863 obscure
901 818 928 863 et
945 807 1113 863 tenebricose
1129 807 1313 881 proloquitur.
1337 863 1339 867 ,

91 892 250 948 Carolus.
288 893 402 949 libide
424 912 481 949 mea
505 894 612 950 fortuna
636 893 700 967 quid
723 893 845 948 videtur?
869 894 931 966 quie
953 893 1063 948 iuturus
1079 910 1169 948 rerum
1184 895 1384 949 eventusttoo

20 998 80 1054 qua
104 978 207 1033 lactum
230 978 411 1051 providentia,
436 988 465 1034 ut
489 987 530 1033 tut
552 978 631 1034 uobis
654 996 737 1051 regna
759 978 970 1051 contingerent?

91 1061 237 1136 Sibylla.
274 1063 381 1136 Optimo
404 1079 518 1138 promus
541 1064 645 1125 omine:
669 1064 765 1119 sedet
788 1063 890 1119 maiora
913 1070 943 1117 te
961 1071 1078 1118 manent.

90 1146 247 1205 Carolus.
284 1147 337 1204 ttae
352 1164 400 1222 spe
425 1156 498 1208 totus
521 1149 580 1222 ipse
602 1149 723 1222 suspirat
744 1157 878 1204 terrarum
901 1147 985 1203 orbis.
1030 1148 1076 1203 sed
1100 1146 1180 1221 quald
1201 1157 1243 1204 est
1266 1149 1317 1205 boc

24 1233 119 1289 turbae
142 1232 288 1290 iudioimul
1174 1246 1175 1249 ’

13 1336 19 1365 ι
95 1316 238 1391 Sibylla.
274 1317 524 1375 llultumsaeeulis
540 1319 732 1392 praesagitum,
760 1318 883 1374 laturum
911 1317 976 1373 alirn
1004 1318 1051 1390 qui
1074 1318 1253 1375 llomauorum
1276 1336 1318 1374 re·

24 1420 113 1477 gnum
142 1402 283 1459 ruinosum
310 1420 340 1459 ac
362 1416 448 1477 prope
470 1403 578 1464 modum
599 1403 750 1477 collapsum
774 1404 949 1465 instaurarem
973 1403 1017 1476 qui
1040 1402 1220 1465 blabumetas.
1249 1409 1317 1477 Aga·

24 1497 163 1543 receset
185 1504 289 1544 omnem
313 1487 389 1544 illum
412 1488 680 1547 infidelium‘cmtum
706 1508 721 1545 e
749 1491 850 1545 sanctis
871 1488 1054 1563 *propulsaret
1085 1487 1203 1546 sedibus.
1248 1491 1386 1564 putottt.

25 1581 122 1628 autem
144 1572 234 1646 elapsa
258 1573 309 1647 iam
325 1572 440 1631 llauielis
464 1583 599 1649 tempora,
622 1583 729 1649 tempus
752 1583 779 1630 et
800 1574 940 1629 dimidium
964 1574 1103 1648 temporis
1128 1583 1209 1648 teque
1224 1589 1318 1648 perre-

26 1658 103 1713 aisse
119 1673 206 1730 usquc
221 1657 254 1712 ad
268 1658 332 1712 dies.
342 1657 405 1713 illos
426 1659 499 1715 mille
523 1669 660 1716 trecentos
684 1660 953 1732 trigintaquinque.
978 1666 1008 1713 ut
1029 1668 1234 1716 consummetur
1256 1679 1319 1735 pec·

13 1750 122 1798 reatum
145 1750 172 1797 et
193 1740 316 1798 deleatur
337 1743 467 1817 iniquitas
489 1753 517 1800 et
539 1745 689 1801 adducatur
711 1744 814 1800 iustitia
837 1744 1000 1818 sempiterna
1022 1752 1049 1800 ct
1078 1743 1223 1816 impleatur
1251 1746 1319 1801 risio

28 1837 58 1882 et
81 1826 275 1901 prephetieet
297 1826 466 1900 glorificetur
487 1830 762 1886 sauctussanetorurn.
786 1829 840 1884 luta
862 1829 943 1884 etiam
966 1829 1058 1884 nescio
1081 1830 1144 1902 quid
1162 1829 1316 1885 huiusmodi

27 1912 86 1967 tibi·
102 1910 276 1984 pollicentur.
319 1912 397 1968 multi
426 1914 530 1988 regium
560 1914 661 1988 indepti
691 1914 830 1987 fastigium
860 1912 1084 1986 insignem'iudc
1112 1914 1228 1986 gloriam
1255 1914 1386 1970 sumttt·

26 1996 210 2070 consequuti:
234 2015 265 2052 ea
280 1997 423 2054 Persarum
446 2000 554 2073 quidem
576 2008 658 2073 gente
680 1999 780 2073 Cyrus,
802 2007 830 2053 et
849 1998 947 2054 ‘ilarius
970 1998 1116 2072 llpsdaspis
1139 1998 1218 2053 ultro.
1263 2017 1318 2054 me-

29 2090 157 2137 moratur
179 2089 206 2137 et
221 2081 321 2137 llerxes
344 2091 441 2156 potens
463 2085 544 2147 adeo.
567 2093 597 2139 ut
619 2080 736 2140 hominis
759 2083 848 2158 specie
871 2082 1028 2139 crederetur
1048 2082 1152 2157 lupiter
1174 2083 1318 2140 luunaumn

13 2167 148 2222 ›exivisse
170 2165 202 2221 ad
224 2167 392 2223 excitandum
413 2185 431 2223 e
451 2168 561 2226 cedibus
577 2169 634 2225 suis
650 2168 788 2224 Graeciam.
825 2168 920 2223 deinde
936 2169 1096 2224 Artaxerxes
1119 2167 1159 2223 illi
1174 2169 1242 2230 duo,
1266 2167 1343 2247 lla-¹

27 2252 147 2313 elrroiae.
178 2251 203 2306 id
232 2261 274 2307 ost
295 2252 493 2325 longimanus,
523 2253 592 2310 alter
613 2253 728 2310 llemor:
757 2254 924 2327 longimano
946 2252 1051 2308 laurlcm
1074 2254 1180 2326 peperit
1202 2253 1318 2326 insignis

26 2335 156 2410 corporis
178 2334 342 2409 amplitudo.
365 2336 445 2394 alteri
467 2329 600 2395 tortitudo
623 2347 651 2394 et
673 2338 827 2394 liberalitas.
873 2337 1051 2393 Alexandrum
1074 2338 1316 2394 eminentissimum
1327 2338 1346 2388 l:
1356 2339 1386 2383 ¹³.

27 2432 165 2477 terrarum
189 2438 280 2492 regem
304 2422 420 2496 iusignia
443 2423 656 2480 dehonestarunt
678 2422 876 2497 rieia‘vinlque
899 2422 1010 2497 aviditas
1025 2423 1067 2478 ‘in
1098 2423 1200 2497 primis.
1245 2424 1319 2479 acce·

28 2507 98 2562 dunt
121 2514 149 2560 et
173 2503 247 2568 lulii.
276 2506 391 2568 Tiberii.
420 2507 524 2570 Caroli,
554 2508 672 2564 luderici
696 2519 722 2563 et
745 2508 913 2564 Cornutiutini
941 2506 1110 2580 complures:
1139 2525 1230 2564 verum
1260 2507 1320 2563 uul-

13 2590 73 2647 tlus
96 2606 217 2664 uuquam
239 2591 329 2647 extitit
349 2593 393 2648 cui
415 2600 443 2647 et
463 2591 568 2666 largius
590 2601 617 2649 ct
640 2591 745 2648 felicius
768 2592 891 2648 arriserit
919 2592 1043 2653 fortuna,
1071 2593 1114 2646 oui
1137 2609 1198 2648 cum
1221 2592 1320 2667 opibus

27 2677 153 2750 potentia
179 2676 260 2732 terris
282 2685 310 2731 et
333 2684 390 2734 tota
411 2676 457 2732 illa
480 2692 578 2752 pompa
602 2676 686 2750 regali
709 2677 852 2750 augustius
875 2676 975 2750 aliquid
998 2672 1146 2749 eontigerit
1162 2693 1241 2750 quam
1259 2677 1316 2732 tibi.

233 2759 322 2817 Calcat
344 2763 474 2818 iacentem
491 2779 588 2834 regem
611 2761 720 2834 vulgum

232 2844 348 2902 toviom
370 2846 499 2921 opprimit

233 2929 264 2985 Ni
288 2948 317 2987 se
340 2940 451 2989 tueatur
472 2932 555 2988 ferro.

13 3014 60 3071 »Et

234 3099 267 3156 Ut
289 3101 343 3157 alta
366 3110 459 3157 ventos
482 3116 590 3174 semper
610 3101 748 3174 excipiunt
771 3101 833 3172 iuga

235 3185 393 3259 llupemque
416 3186 488 3241 saris
511 3192 584 3243 vasta
606 3185 736 3241 dirimunt
762 3185 851 3244 freta.-

30 3270 144 3343 imperia
168 3269 208 3325 sie
229 3269 334 3327 excelsa
357 3271 472 3326 fortunae
495 3268 633 3326 subracent
656 3269 803 3330 interdum.
836 3275 867 3323 ut
898 3267 968 3322 inter
990 3268 1117 3323 maximas
1140 3283 1207 3342 opes
1229 3275 1256 3324 et
1279 3269 1319 3323 in·
1328 3271 1389 3321 §.tt-

28 3371 160 3411 numeros
183 3354 276 3427 stipati
299 3354 399 3410 milites
423 3354 541 3411 omnium
564 3354 673 3410 minime
691 3355 741 3409 tuti
757 3362 857 3409 essent.
902 3353 961 3408 l’ibi
978 3370 1038 3408 cum
1055 3352 1180 3408 omuibus
1197 3352 1251 3407 illis
1268 3362 1321 3409 ter·
1375 3364 1379 3367 ’

13 3440 107 3495 tronis
129 3438 233 3494 divitiis
254 3440 335 3496 etiarn
357 3439 445 3512 vulgi,
470 3440 524 3495 imo
548 3439 632 3495 totius
655 3438 769 3512 Europae
791 3437 931 3512 applaudit
953 3438 1043 3497 lavor.
1071 3435 1209 3512 praedipue
1231 3447 1320 3494 autem

31 3524 246 3586 Germanorum,
275 3525 395 3580 omnium
417 3525 557 3581 nationum
579 3524 620 3580 vel
643 3524 763 3596 gentium
785 3523 865 3597 primi
888 3523 1004 3579 nominis
1028 3523 1126 3596 plebs:
1156 3532 1186 3579 ut
1209 3522 1249 3578 rel
1270 3524 1321 3579 boe
1360 3542 1361 3545 ¹

31 3607 123 3664 solum
146 3607 319 3664 beatissimus
341 3609 396 3670 ris.
426 3610 499 3682 quod
520 3611 545 3664 ei
567 3609 643 3683 genti
665 3609 765 3665 ascitus
789 3610 835 3664 sis.
880 3609 934 3663 Pro
956 3609 997 3663 rei
1020 3609 1105 3682 igitur
1126 3608 1320 3680 magnitudine.

32 3709 139 3767 proque
162 3693 237 3748 suavi
260 3692 306 3750 illa
327 3695 413 3767 cortis
436 3693 528 3750 alllatu
550 3695 637 3751 uirum
659 3693 793 3751 exhibeto.

236 3777 275 3833 l'u
298 3778 347 3834 tibi
370 3795 412 3835 mo
435 3778 530 3834 lolium
551 3779 645 3835 eredas
668 3778 782 3835 recitare
798 3778 916 3852 Sibylla.

13 3875 26 3910 t
321 3861 437 3919 Verbum
459 3880 514 3918 non
536 3862 652 3938 amplius
674 3863 776 3920 addam.

95 3945 239 4002 Genius.
277 3945 351 4003 Ultra
375 3947 615 4020 progrediundum.
719 3951 720 3955 ’

96 4029 253 4086 Carolus
290 4031 428 4088 latratum
450 4049 546 4089 eanum
568 4033 663 4097 audio,
685 4032 820 4095 eiulatus.
840 4030 1053 4103 tunmltumque.

102 4211 153 4244 ¹¹·¹²
176 4210 330 4279 Agaronoe]
356 4215 374 4262 i.
390 4229 414 4263 o.
427 4212 561 4263 infideles.
594 4211 945 4264 ctesumfflxxxrrst.
1033 4206 1054 4241 ¹³
1076 4207 1187 4258 Daniel.
1200 4207 1262 4257 VII.
1276 4208 1317 4258 25.

33 4295 56 4328 ²¹
74 4297 156 4347 terrie
172 4298 228 4361 (eei
244 4312 280 4347 ear
298 4298 380 4346 eretis
398 4299 457 4349 edd.
509 4296 532 4330 ’ἲ
549 4296 639 4348 Seoee.
653 4297 764 4347 Oetautoe
780 4314 803 4346 a.
817 4296 875 4345 455.
889 4311 928 4360 aq.

138 4406 140 4410 ·
237 4379 337 4431 Oeleat
354 4382 493 4443 iacentem
510 4381 617 4447 vulgus.
637 4382 755 4432 invisum
774 4378 917 4445 opprimet.

237 4466 350 4517 Ferrum
369 4471 462 4516 tuetur
478 4467 639 4531 prinoipem.

36 4547 54 4582 ⁸¹
74 4550 113 4601 Ut
126 4549 185 4600 alto
203 4546 243 4615 tc]
264 4549 361 4600 Senec.
375 4550 473 4615 Oedip.
487 4565 512 4600 v.
526 4547 551 4599 8.
565 4564 605 4613 sq.
641 4547 664 4580 ³²
681 4543 820 4611 dirimunt]
840 4546 1013 4596 dirimentem
1032 4544 1122 4594 Senec.
1162 4543 1185 4576 ⁸⁹
1203 4545 1245 4594 Tu
1258 4544 1320 4611 tibi]

38 4634 123 4686 lma.
135 4641 186 4685 eut.
201 4635 275 4686 vm.
292 4633 347 4685 teu.
368 4635 489 4686 ‘Credite
507 4649 551 4683 me
569 4632 647 4684 vobio
667 4631 761 4683 lolium
779 4644 835 4679 ree.
849 4630 980 4694 Sibyllte)
1043 4629 1066 4662 ⁴⁰
1082 4629 1158 4681 verb.
1172 4644 1225 4678 non
1239 4630 1320 4695 ampl.

38 4716 71 4784 c]
85 4719 183 4769 Horeb
197 4719 250 4772 eat.
263 4717 287 4768 l.
300 4721 319 4768 i.
334 4719 353 4769 i.

1028 4798 1101 4863 36*
