3232 5422
255 383 328 456 326
409 399 484 448 vni.
556 408 869 446 nenessornmcrns.
924 399 1268 444 oraeonvsuvrrnbrcvs.
1302 392 1391 456 (man)

319 587 428 628 necea.
469 566 577 643 Ecquis
600 564 705 624 Leonis
728 562 815 623 filiam
838 562 926 622 audet
950 565 1038 629 tueri,
1063 566 1157 640 opii,
1181 582 1198 622 o
1222 561 1396 634 “Cluistiaub
1420 570 1451 624 et
1474 565 1550 623 bunc

255 667 339 746 iffi
353 668 404 701 Μ’
425 672 432 742 Ι
456 658 592 744 angulare
610 665 757 743 perditum
781 667 915 743 impunc,
940 667 1092 742 preamium
1115 673 1290 743 accepturus
1313 686 1328 725 a
1353 665 1476 726 Decimo
1499 665 1547 724 dn·

255 778 335 831 catos
357 770 394 829 dc
410 770 530 829 Camera
555 768 629 827 iuste
652 785 797 844 appensos
813 767 967 844 quinquies
983 765 1074 834 mille,
1099 774 1128 827 et
1143 768 1321 828 Beneficium
1337 786 1398 826 uon
1415 775 1547 827 curatum

187 887 245 936 §.aa
256 875 284 932 in
300 871 433 949 partibus
448 870 527 948 quod
544 868 681 929 ascendat
697 868 732 927 ad
750 875 897 928 trecentos
913 871 1069 946 quotannis
1085 870 1209 928 aureosi
1224 877 1372 946 practerea
1390 869 1547 946 plenariam

256 981 444 1051 peccatorum
454 973 591 1031 *carutium
608 971 825 1038 remissionem,
849 989 883 1030 ac
900 968 1093 1047 indulgentias
1108 970 1361 1031 annorum'dnnm
1377 968 1506 1035 milium,
1521 976 1566 1028 eto

255 1071 441 1159 ffiqqqffffigffl·
464 1089 471 1156 q
495 1073 703 1151 qninquaginta
725 1089 776 1131 sex
793 1089 929 1137 carenas,
952 1089 987 1130 ac
1002 1070 1291 1132 Pretbonota'rinsut
1307 1073 1359 1140 sit,
1385 1071 1548 1148 habeatque

256 1177 301 1235 ios
324 1174 501 1250 legitimandi
524 1175 656 1250 spurios,
680 1179 709 1232 et
732 1174 853 1232 comites
868 1172 1015 1233 Palatinos
1036 1172 1174 1233 creandi?
1201 1183 1291 1250 utque
1315 1175 1341 1232 ei
1364 1173 1453 1232 liceat
1475 1190 1547 1231 mor-

257 1275 353 1337 taliter
377 1294 501 1354 peccare
525 1274 644 1333 cottidie
667 1273 770 1342 semel,
792 1281 824 1333 ‘et
846 1292 861 1333 a
885 1272 1069 1334 confessione
1084 1274 1158 1335 liber
1173 1282 1205 1334 ot
1219 1277 1257 1334 sit
1271 1277 1425 1352 proximos
1440 1282 1546 1351 septem

259 1396 366 1446 annoS,
389 1395 445 1436 nec
467 1376 572 1436 deiude
596 1377 649 1435 uisi
665 1377 817 1452 septennio
833 1374 1131 1438 semelcoutitcatsur‘t
1153 1376 1241 1456 qnid?
1264 1379 1352 1436 ctiam
1374 1374 1467 1436 semel
1483 1393 1546 1435 cou-

190 1480 334 1540 §.maceri
357 1481 431 1559 satis¹
448 1480 473 1539 ei
497 1480 533 1538 sit
555 1485 612 1537 tota
637 1479 708 1545 rita,
733 1484 762 1537 et
785 1478 813 1536 in
836 1479 939 1536 mortis
961 1477 1084 1537 articulo
1107 1481 1223 1538 itcucm.
1262 1476 1339 1537 Tum
1362 1479 1387 1536 si
1411 1479 1436 1537 is
1451 1480 1488 1536 sit
1502 1477 1572 1554 quitt

258 1600 317 1641 non
341 1588 419 1658 petat
442 1581 620 1650 sacerdotia,
646 1586 683 1639 ut
705 1579 731 1637 ei
754 1577 838 1637 liceat
860 1580 1022 1656 privignam
1045 1578 1127 1638 sciam
1151 1579 1413 1639 docere'usorcm
1433 1585 1483 1639 ant
1502 1597 1546 1637 ne·

258 1691 337 1760 ptem
361 1690 411 1743 aut
433 1681 654 1746 consobrinam:
678 1687 708 1738 ct
728 1680 822 1757 siquid
846 1680 999 1749 iuraverit,
1023 1680 1226 1759 qualecunque
1242 1680 1269 1739 id
1285 1681 1391 1748 licerit,
1417 1686 1450 1739 nt
1465 1681 1546 1758 quassit

259 1803 317 1843 riou
340 1791 496 1862 praestare:
531 1790 560 1843 ct
581 1781 676 1843 loedns
698 1783 722 1840 si
752 1780 829 1858 quem
861 1781 974 1850 inierit,
1007 1789 1038 1841 nt
1065 1781 1195 1841 solutum
1224 1781 1281 1841 boc
1311 1783 1348 1840 sit
1377 1798 1446 1841 mim
1478 1780 1544 1840 uelit.

258 1886 319 1964 Age
342 1893 454 1953 antem,
490 1886 623 1963 quisquis
645 1883 916 1943 excommunicatus
943 1901 975 1942 es
1005 1890 1033 1942 et
1056 1883 1208 1943 anathema
1233 1872 1342 1951 lactus,
1379 1901 1545 1963 quacunque

259 1988 295 2047 de
319 2005 435 2056 caussa,
459 1988 496 2047 ob
519 1986 642 2064 quodvis
663 1983 772 2044 malum
795 1983 924 2052 lacinus,
948 2003 963 2043 a
987 1985 1065 2054 iure,
1090 2004 1202 2045 canone
1226 1984 1270 2045 cel
1293 1986 1330 2045 ab
1354 1985 1476 2044 bomine
1495 1983 1568 2043 taus

259 2091 417 2158 sententia;
452 2089 583 2173 quisquis
605 2088 757 2146 incastum
781 2085 825 2145 rel
847 2085 1023 2146 adulterium
1046 2088 1230 2156 commisisti,
1264 2088 1394 2163 virgines
1422 2087 1544 2164 rapuisti,

125 2210 131 2220 ·
207 2221 248 2234 -
260 2198 409 2251 matronas
432 2190 646 2266 conscript-astu
670 2188 801 2266 quisquis
816 2188 970 2264 peierasti‚
995 2196 1044 2248 aut
1060 2189 1170 2248 creden}
1186 2189 1295 2256 iecisti,
1320 2188 1365 2247 vel
1381 2207 1397 2248 a
1413 2187 1544 2265 religione

193 2308 251 2358 coo.
263 2292 422 2360 descivisti,
456 2289 546 2350 semel
574 2297 662 2367 atque
690 2291 811 2356 iterum:
847 2291 941 2349 omnis
964 2290 1207 2369 presbytcricida,
1243 2292 1316 2350 etsi
1339 2291 1408 2368 quis
1433 2278 1544 2349 bornuni

262 2496 326 2574 quis
348 2513 431 2555 sacra
449 2493 565 2570 legisti,
594 2491 706 2569 templa
729 2491 873 2568 spoliasti,
907 2490 992 2552 liceat
1015 2500 1158 2570 perpetuo
1172 2491 1280 2570 ‘spoliis
1303 2494 1360 2552 lrui
1385 2493 1467 2552 bisce
1492 2491 1566 2556 quqo

262 2616 357 2677 neque
381 2595 509 2656 ablatum
533 2593 657 2654 reddere
687 2595 798 2653 coactio
828 2595 873 2653 sit,
918 2593 1036 2663 Audite,
1072 2594 1121 2654 ubi
1151 2595 1202 2654 nbi
1230 2595 1313 2662 estis,
1349 2594 1397 2654 dei
1414 2602 1543 2660 conten·-

180 2700 251 2767 μιν.
263 2708 363 2779 ptores
391 2706 420 2759 et
441 2696 629 2756 humanitatis
657 2695 752 2754 omnis
780 2701 930 2772 expertes:
967 2696 1013 2756 bic
1040 2714 1128 2774 parvo
1158 2698 1273 2774 negotio
1304 2698 1462 2756 rnasimam
1491 2712 1543 2773 pes·

261 2805 403 2862 simorum
442 2797 586 2859 scelerum
626 2798 795 2874 spurcitiem
831 2796 929 2856 eluere
966 2798 1048 2858 robis
1080 2796 1162 2867 licet,
1202 2817 1307 2876 nempe
1342 2798 1433 2858 buius
1467 2796 1543 2860 cade,

260 2923 346 2983 quam
370 2903 438 2962 licet
460 2903 579 2978 inmune
602 2899 691 2958 cericis
714 2898 827 2958 lacere:
861 2898 1000 2976 quicquid
1023 2906 1067 2959 est
1094 2901 1223 2960 enormis
1251 2898 1364 2970 delicti,
1395 2894 1542 2978 quodquod

261 3005 421 3066 inauditnm
446 3003 572 3068 lacinus,
597 2998 767 3072 incredibile
791 2997 902 3067 scelus,
926 3000 1023 3060 audite
1045 3020 1107 3070 me,
1138 3001 1250 3069 audite,
1281 3004 1439 3069 Germani,
1470 2987 1566 3061 etiam

260 3105 396 3183 ffgffi‘tw
421 3103 428 3172 Ι
449 3106 480 3163 in
503 3120 636 3163 sororem
660 3119 769 3167 nicam,
792 3099 906 3160 {lolliam
930 3102 1023 3161 Canae
1048 3103 1176 3170 domini,
1207 3105 1232 3162 si
1254 3105 1319 3182 quis
1346 3122 1381 3163 ea
1413 3100 1548 3162 commisit

263 3229 327 3287 qum
350 3208 410 3268 sedi
434 3205 601 3284 apostolicae
623 3202 766 3263 reservari
798 3205 943 3279 oportuit,
978 3211 1012 3263 ct·
1036 3223 1101 3282 quae
1129 3205 1245 3283 publica
1266 3207 1448 3284 'peonitentia
1476 3202 1550 3265 tuere

193 3310 423 3387 uupraeceptio
447 3316 505 3376 cst,
529 3308 577 3385 qni
602 3313 702 3365 contra
726 3303 843 3381 regulas
866 3304 1053 3367 Cancellariae
1076 3309 1164 3384 gessit
1184 3306 1307 3385 aliquid,
1332 3307 1553 3385 quomodocun-

261 3429 317 3489 que
341 3418 389 3469 ant
412 3408 664 3486 qualitercunque,
684 3406 747 3465 sive
769 3406 926 3483 spiritualis
941 3408 1030 3467 fuerit
1050 3410 1110 3469 sire
1133 3409 1296 3476 secularis,
1320 3409 1385 3468 baec
1408 3416 1454 3468 est
1470 3411 1513 3469 via
1528 3408 1564 3468 nl

260 3513 315 3572 sibi
338 3511 494 3578 reddatur,
518 3508 564 3568 bic
588 3515 618 3566 ut
642 3516 831 3567 consenescat
856 3510 970 3569 modus.
1015 3510 1188 3590 Quicunque
1215 3512 1332 3570 vovistis
1360 3509 1441 3589 (quod
1472 3500 1599 3590 graue*

260 3615 297 3672 sit
323 3612 463 3679 reddere,
498 3628 552 3686 ego
580 3609 662 3668 stolus
690 3626 791 3668 curam
821 3610 936 3681 deuios
958 3626 1016 3670 non
1047 3631 1100 3690 per
1128 3632 1175 3673 me
1205 3629 1260 3689 ego
1283 3613 1420 3690 quidem,
1456 3613 1508 3673 sed
1536 3599 1590 3668 εἰ

261 3715 340 3775 hunc
368 3712 586 3777 interfeceritis,
618 3711 680 3768 lore
708 3711 847 3787 promitto
877 3720 908 3771 ut
936 3711 1013 3773 beati
1041 3714 1111 3773 sitis
1149 3715 1206 3775 boc
1227 3722 1326 3775 autem
1355 3715 1445 3775 iaciet
1474 3713 1597 3775 soret

262 3817 394 3897 quadani
417 3832 497 3881 mea,
521 3813 615 3871 statim
638 3809 822 3889 subsequens
849 3832 904 3874 me.
1356 3823 1358 3826 ’
1386 3814 1389 3818 ’

192 3912 398 3997 §.ioqgflgmssqi
463 3933 624 3975 cromeras.
662 3912 766 3971 todin’
789 3913 874 3975 aliam
898 3935 962 3977 esse
985 3936 1049 3996 qum
1078 3926 1105 3979 te
1134 3926 1227 3997 petat,
1257 3917 1390 3979 Bullam?
1421 3938 1454 3979 ea
1486 3920 1560 3978 bar·
1596 3915 1610 3952 '⁴

260 4021 399 4101 premisit
420 4015 524 4077 turbas
547 4021 736 4091 excepturum
759 4017 885 4093 primam
916 4021 977 4096 ipsa
1001 4023 1029 4080 in
1053 4022 1163 4081 insidiis
1186 4028 1244 4089 est,
1276 4021 1343 4081 inde
1365 4021 1418 4081 nbi
1441 4023 1566 4081 occasL
1601 4028 1610 4041 ⁴

261 4127 330 4195 crit,
353 4120 482 4200 prodibit
505 4125 532 4178 te
556 4122 667 4177 contra.
1249 4108 1253 4115 ’

323 4242 496 4286 nuncnunc.
534 4219 636 4296 Neque
659 4234 891 4293 egu.occurraur
915 4226 1020 4292 secius.

325 4343 488 4385 sinceras.
527 4320 620 4380 llacte
643 4321 765 4389 virtute,
789 4324 934 4401 siquidem
959 4319 1141 4403 perdtuabis.

193 4444 251 4492 rna,
324 4447 434 4487 aviae
473 4424 534 4483 Etsi
563 4423 598 4482 de
628 4422 704 4482 tacto
732 4423 788 4513 iam
814 4428 951 4505 quisquis
981 4428 1037 4487 boc
1067 4427 1153 4497 iacit,
1186 4429 1283 4487 omnia
1319 4428 1383 4486 baec
1414 4435 1529 4487 mereto
1550 4426 1610 4477 3¹

261 4548 370 4581 stantona.
391 4525 397 4610 Ι
421 4527 519 4613 adeste
543 4533 722 4596 Saelenus,
747 4535 833 4608 atique
858 4531 933 4592 banc
956 4529 1032 4591 benc
1054 4529 1148 4590 locate
1164 4547 1284 4607 operam
1301 4528 1403 4598 nobis;
1427 4531 1451 4588 si
1470 4529 1610 4588 toci-13·

264 4646 462 4666 -.'.-.——.

296 4713 317 4746 ¹⁴
330 4717 416 4779 quisq
432 4719 454 4763 1·
493 4715 512 4746 ¹⁸³
525 4719 715 4783 presbyricidn
729 4718 752 4762 1.
789 4714 1324 4782 ruoltona]ceremonensem,
1360 4712 1515 4763 ”Saxones
1560 4700 1595 4749 Ζ
