3210 5416
269 368 341 438 542
695 412 697 415 ·
709 397 826 432 utamur
845 398 1117 434 rattvoottvrrtatttct.

267 554 426 628 properanti
448 554 588 628 pecuniam
611 553 704 627 potius
726 556 869 611 corradere
892 551 971 650 quam
999 554 1151 628 expandere
1180 571 1293 610 neeesse
1321 562 1378 617 est:
1404 573 1459 610 cum
1483 573 1528 609 ιιιι

268 655 393 694 reversus
417 638 511 700 luero,
535 636 614 711 plane
637 637 814 702 satisfaciam,
838 639 919 698 etiam
942 640 965 694 si
987 638 1108 713 capellus
1130 638 1317 700 illembeus.
1331 639 1531 732 quemallatums

267 740 341 784 suni.
365 723 607 803 oppignorandus
608 722 652 778 sit

200 815 266 864 §..iar
332 807 539 879 Chirurgus
576 807 667 870 Facis,
690 817 721 864 ut
743 817 769 864 te
791 808 877 863 decet.
922 808 969 864 sed
991 807 1112 880 nunquid
1136 807 1187 862 alia
1210 808 1334 863 restant?

332 891 465 947 uectus.
502 891 622 951 llinime,
646 892 697 947 nisi
721 892 793 966 quud
816 893 899 960 lerme
923 891 1025 946 oblitus
1049 891 1164 952 fueram,
1192 901 1223 946 ut
1245 892 1392 959 horarium
1414 891 1549 965 aliquandos

267 974 463 1050 proficiscaris,
491 992 522 1030 ao
545 974 643 1030 ibidem
666 976 803 1049 blagistris
825 976 947 1037 Nostris,
977 992 1025 1031 seu
1048 976 1142 1049 potius
1164 976 1327 1049 stuporibus
1351 975 1420 1037 illis.
1438 977 1536 1048 egregia

269 1069 314 1115 tua
337 1059 485 1136 medicandi
509 1067 567 1115 arte
589 1077 747 1116 suoeurras:
778 1077 838 1115 nam
861 1060 889 1115 hi
911 1077 969 1134 prae
991 1060 1090 1120 ceteris
1114 1059 1159 1114 illa
1184 1060 1315 1132 indigent.

332 1143 535 1215 Chirurgus.
572 1142 783 1206 Ciot‚·lorsitan
807 1144 951 1217 obiterque
974 1144 1114 1199 Coloniam
1137 1145 1278 1216 attingam.
1381 1198 1385 1205 ,

200 1243 268 1291 §.us
333 1225 465 1282 Eecius.
504 1225 566 1283 Vale
589 1227 688 1301 igitur.
711 1229 839 1301 chirurgo
862 1230 978 1303 optimo,
1007 1245 1068 1284 nam
1097 1236 1236 1283 strenuam
1259 1230 1366 1283 nutasti
1387 1246 1500 1302 operam,
1518 1236 1538 1281 et

268 1320 311 1374 tu.
335 1311 439 1372 llubee,
462 1310 528 1367 vale.
563 1312 586 1373 l,
609 1329 691 1386 puer,
714 1323 742 1367 et
764 1313 900 1368 Canidiam
923 1330 1000 1374 toea,
1025 1322 1055 1368 ut
1078 1311 1140 1368 illos
1163 1311 1282 1368 revehat.
1356 1341 1359 1346 ·
1545 1322 1560 1359 tl

331 1395 478 1470 llubuus
516 1395 568 1450 Per
589 1396 668 1452 deum
690 1397 807 1487 modium
829 1397 936 1460 fidium,
965 1413 1017 1469 ego
1045 1413 1099 1452 uon
1127 1396 1224 1452 vellem
1250 1398 1376 1471 aeoipere
1397 1397 1482 1453 decem
1502 1396 1538 1450 lu·

268 1496 362 1541 renos,
386 1480 458 1553 quod
481 1496 533 1552 ogo
555 1465 663 1536 velleio
672 1472 804 1555 equitare
820 1498 901 1555 supra
925 1479 970 1536 illa
993 1480 1140 1537 maledicta
1157 1480 1258 1543 bestia,
1294 1500 1347 1552 ego
1376 1481 1437 1537 solo
1464 1482 1538 1554 potius

266 1582 316 1638 per
338 1564 420 1637 pedes
443 1564 525 1620 ahire.

329 1647 459 1705 Curius.
497 1648 555 1703 Non
578 1650 656 1706 decet
678 1648 759 1706 talem
783 1650 868 1706 virum
890 1649 1006 1723 pedibus
1029 1648 1175 1705 ambulare.

330 1733 473 1789 llubeus.
511 1733 567 1807 Ego
590 1750 645 1789 non
668 1734 839 1791 ascenderem
862 1734 996 1808 ampliuss
1022 1750 1072 1790 nee
1094 1732 1268 1789 Emseranum
1299 1733 1497 1808 Capricornum,
1519 1731 1560 1784 sih

266 1818 389 1880 adesset,
413 1820 476 1891 quia
500 1820 620 1874 timerem
644 1813 716 1892 qnod
741 1819 831 1875 omnia
853 1819 1061 1892 permerdarem.

253 1895 256 1900 ⁴
329 1903 406 1958 Ecci
415 1912 461 1958 us.
499 1902 557 1957 'luo
579 1902 721 1958 arbitratu.
766 1903 866 1958 lterum
889 1920 957 1975 ergo
979 1901 1074 1958 valete.
1118 1947 1124 1961 .

329 1987 537 2060 Chirurgus.
577 1987 616 2041 Tu
640 2004 764 2061 quoque.
795 1986 856 2043 Eoei
879 1987 1017 2049 dedolata,
1046 1985 1117 2050 valo,
1152 2005 1182 2043 ao
1204 1987 1361 2043 memineris
1390 1995 1419 2041 ut
1440 1987 1493 2043 dein
1512 1983 1537 2039 ab

267 2071 371 2128 artibus
388 2064 448 2127 'tuis
471 2081 620 2145 temperes,
655 2072 676 2126 si
700 2070 796 2127 saltem
824 2071 1022 2128 Canonicorum
1044 2072 1217 2128 lndoctorum
1248 2072 1336 2127 fustes
1365 2071 1481 2143 effugere
1502 2070 1536 2123 de

267 2156 395 2212 sideras.'
516 2189 519 2195 -
1540 2160 1557 2198 ²⁸

197 2236 264 2286 2222·
329 2239 472 2295 Chorus.
510 2240 531 2294 0
559 2239 642 2296 stulte
670 2241 813 2314 chirurge,
846 2249 874 2296 et
901 2241 983 2314 longe
1012 2240 1111 2297 lahulae
1128 2240 1221 2296 'liuius
1240 2240 1389 2314 'scriptore
1416 2238 1534 2295 stolidior:

266 2323 312 2379 ille
333 2323 405 2379 euim
429 2325 549 2397 ineptus
560 2324 640 2379 homo
664 2324 755 2400 inepte
778 2334 910 2399 nugatur.
934 2326 1052 2398 ineptius
1075 2343 1138 2381 vero
1160 2324 1299 2383 homines·
1310 2323 1439 2380 barbarus
1453 2324 1534 2378 batiae.

266 2417 293 2463 ot
321 2407 354 2480 (si
377 2409 429 2463 diis
451 2407 550 2482 placet)
578 2408 668 2464 Graeoe
697 2427 890 2483 nonnunquam
920 2409 1065 2482 loquentes
1096 2409 1261 2470 introducit,
1296 2410 1461 2483 ineptissime
1484 2421 1533 2459 ιιιι

266 2491 434 2565 Theologum
457 2500 485 2548 et
506 2494 761 2566 praestantissimum
784 2494 959 2566 Magistrum
964 2494 1092 2550 Nostrum
1114 2482 1174 2549 cuni
1198 2493 1309 2548 homine
1331 2493 1453 2549 carnifice
1477 2506 1532 2546 corn·

265 2577 362 2638 mittit,
387 2595 418 2632 ac
439 2576 579 2650 disputare
601 2578 694 2651 lingit,
723 2578 758 2634 oh
780 2596 860 2651 quam
884 2577 924 2633 vel
947 2576 1032 2634 solam
1055 2596 1162 2635 causam
1186 2577 1219 2640 ah
1241 2577 1384 2634 llaereticis
1407 2576 1458 2633 illis
1476 2576 1553 2630 Praetl

264 2660 431 2718 dicatoribus
454 2661 663 2734 inquisitoribus
686 2663 864 2735 inquirendus
893 2672 981 2724 ossam
1012 2671 1042 2718 tu
1074 2680 1137 2717 vero
1167 2679 1223 2717 rem
1251 2663 1422 2736 desperatam
1447 2670 1471 2715 et
1495 2661 1530 2711 in·

261 2745 422 2819 ‘possibilem
445 2747 557 2819 aggredi
580 2747 676 2809 audes,
699 2764 730 2803 ae
753 2747 921 2820 'lheologuur
942 2747 1113 2820 eundemque
1137 2745 1335 2802 scholasticum
1359 2748 1391 2801 ad
1414 2742 1528 2817 frugalita-

264 2838 318 2893 tem
340 2839 368 2886 et
387 2834 482 2887 'sanam
505 2840 621 2887 mentem
645 2847 770 2888 revocare
793 2832 915 2894 conaris,
950 2832 1023 2906 quod
1047 2840 1103 2887 tum
1134 2832 1241 2890 demum
1269 2831 1331 2892 het,
1365 2830 1466 2903 quando
1483 2822 1528 2880 ruli

263 2915 386 2971 movendi
409 2924 473 2995 sunt
497 2925 525 2972 et
548 2924 628 2972 terra.

543 3052 606 3107 dcta
629 3051 733 3107 decimo
753 3051 888 3122 ‚Kalendas
910 3050 1015 3116 Marcii.
1038 3051 1116 3106 Anno
1139 3049 1271 3106 utun.
1531 3053 1548 3091 ³⁰

721 3137 749 3192 lu
777 3136 909 3210 Occipitio
932 3134 1090 3191 Germaniae.

304 3250 416 3308 lliscreti
439 3253 542 3310 Fratris
564 3255 692 3311 Dominioi
715 3255 870 3328 Leucopygi
893 3251 1081 3348 Pomposiani,
1110 3253 1272 3307 Cursoris
1265 3270 1291 3307 m
1316 3250 1483 3321 'llreulongin
1501 3251 1524 3296 tl

367 3338 458 3391 statim
482 3339 654 3411 llagistrandi
677 3340 764 3396 nostri
787 3340 899 3395 Carmen
922 3325 1160 3411 εὖχαριστήριιιν,
1190 3337 1264 3410 quod
1292 3337 1400 3392 sanitati
1423 3332 1522 3388 restituto

367 3420 599 3478 honorandissimo
623 3425 752 3496 Magistro
775 3423 874 3478 Nostro
897 3416 979 3479 tatio
1002 3439 1034 3477 es
1057 3430 1179 3495 tempore
1203 3430 1229 3476 et
1253 3438 1309 3477 uno
1333 3421 1426 3494 spiritu
1453 3411 1521 3471 statu

367 3520 423 3576 prae
447 3507 555 3576 gaudio.
589 3507 670 3581 'hege
693 3508 816 3565 feliciter.
1525 3510 1542 3549 ³⁵

432 3592 434 3594 ’
462 3588 599 3653 Plaudite,
622 3591 755 3649 barbariae
777 3609 919 3667 proceres.
943 3591 1072 3662 gaudete,
1096 3589 1240 3664 Sophiste,

526 3675 624 3731 Eubius
646 3694 660 3731 a
683 3677 785 3750 Stygiis
809 3677 945 3747 faucibus,
969 3692 1044 3736 ecoe,
1075 3675 1159 3736 redit;

463 3756 512 3824 Qui
536 3759 671 3816 simulac
694 3762 785 3835 tepido
808 3762 901 3835 posuit
923 3759 1041 3815 membra
1064 3776 1135 3832 aegra
1159 3757 1284 3831 grabato.

399 3857 412 3896 ⁴
523 3844 577 3900 lam
598 3844 827 3918 Phlegethonteas
849 3855 925 3900 trans
947 3843 1072 3899 abiturus
1095 3860 1187 3916 amnas.

376 3936 378 3939 '
462 3928 614 3990 harbaries.
637 3928 725 3985 duleis
747 3930 843 3986 morbo
865 3928 1010 4004 perterrita
1033 3928 1097 4002 nati,

524 4014 583 4087 ipsa
606 4032 669 4070 suas
692 4015 779 4070 lertur
800 4013 962 4070 dilacerasse
984 4029 1084 4067 comas.

325 4276 485 4329 'Gulosum
515 4278 725 4329 cardinalicium
755 4278 900 4328 adfectare
924 4278 1039 4328 Ecoium
1068 4277 1219 4325 eommunis
1248 4282 1306 4326 tum
1336 4275 1446 4341 suspitio
1466 4263 1515 4314 ml·

260 4359 361 4422 wisa,
381 4363 518 4412 lorsand.
573 4362 591 4396 ¹¹
584 4364 692 4431 doum
710 4361 779 4411 mod
794 4359 850 4425 fin]
870 4362 912 4411 Of.
926 4363 995 4427 Epp.
1009 4361 1083 4411 0.V.
1096 4361 1131 4409 ΙΙ.
1144 4359 1187 4413 28.
1202 4360 1289 4411 ιιι..2
1325 4358 1346 4392 22
1364 4337 1515 4410 Canusini]

260 4442 303 4492 Cf.
316 4443 390 4503 518.
430 4445 453 4478 ¹⁸
470 4445 618 4511 rllolmuno
636 4447 682 4496 hro
716 4444 788 4485 2222
806 4446 904 4509 Aggoei
923 4447 959 4495 ΙΙ.
972 4441 1014 4495 22.
1055 4442 1276 4510 ³²'l'hoolongin]
1296 4445 1333 4494 of
1346 4442 1438 4494 solil.
1450 4424 1515 4517 11222

257 4527 330 4586 §..18
377 4527 398 4560 ⁸¹
416 4530 600 4594 Magastrsudr
612 4528 709 4597 nostri]
729 4529 771 4580 Cf.
785 4530 856 4594 Epp.
870 4529 943 4579 0.V.
958 4531 979 4579 l.
997 4529 1018 4578 1.
1066 4520 1273 4602 ἓυχαριστεηοιι
1284 4530 1343 4578 edd
1374 4499 1515 4597 Etixttetffl'

258 4600 427 4675 masopane,
446 4613 597 4677 gratiarum
615 4615 707 4674 aetio,
726 4613 936 4680 gratulatorium
955 4628 1076 4665 carmen.
1121 4611 1151 4657 22
1168 4612 1289 4675 faeliciter
1302 4615 1357 4662 23.
1407 4607 1428 4640 '⁸
1443 4588 1514 4656 112222

257 4697 383 4756 aarum
403 4695 446 4745 01.
459 4696 563 4760 Vergil.
577 4697 710 4747 moreth
757 4694 1073 4761 ”Phlegethonteasta
1077 4699 1114 4746 3.
1155 4696 1318 4746 abitursst,
1337 4683 1513 4748 ιιιιιιιιιιι2
1495 4676 1513 4723 2
