3270 5430
386 369 434 418 111.
507 383 646 420 nmnvnvs
666 385 688 418 a.
702 383 790 419 ‚nvem
827 382 977 420 niacoovs.
996 368 1080 432 (itta.)
1330 356 1377 426 55

77 538 179 605 Castc,
202 539 318 598 sorices
340 557 375 598 ac
396 540 481 598 tinere
503 536 614 614 palatii,
638 538 688 616 qui
710 537 835 614 phirimn
859 537 905 597 die
928 547 1075 619 ner-tuque
1098 538 1242 598 arrodunt
1263 558 1297 599 ae
1314 558 1379 600 cor·

78 639 206 706 rodunt,
231 640 343 717 quique
365 638 491 716 plurima
514 637 670 698 cieverunt:
694 641 813 698 oruuiuo
836 640 914 698 enirn
936 643 1022 702 vitam
1046 660 1080 700 ac
1102 641 1275 716 sanguinem
1297 642 1378 718 priu-

80 742 181 817 eipum
204 747 337 815 erugant
359 741 405 800 isti
427 759 461 800 ac
484 739 563 800 lente
585 750 776 807 consumunt:
797 740 846 799 de
875 722 981 818 quibus
1005 740 1086 800 raldo
1114 740 1275 817 prudenter
1297 742 1378 800 Anti·
1429 742 1430 745 ’

80 842 201 901 stlreues
223 840 416 919 philosophus
438 840 507 901 olim
530 843 657 909 monuit,
685 842 708 900 si
731 842 889 902 necessitas
912 839 1030 919 ur'geat,
1054 849 1194 919 praestare
1211 842 1252 900 -in
1275 859 1380 901 corros

59 961 173 1020 squam
197 943 225 1002 iu
249 951 445 1003 assentatores
466 924 610 1010 meldone,
634 941 699 1002 illos
721 945 798 1002 enirn
821 950 968 1009 mortuos,
1000 943 1054 1023 lros
1077 944 1211 1002 virentes·
1226 941 1376 1003 devorare.

80 1046 132 1122 qni
155 1061 223 1103 curu
245 1044 325 1103 nerii
348 1043 551 1122 ubiquesint,
580 1041 666 1102 utiles
689 1059 848 1122 nusquam,
878 1045 1011 1103 maximis
1034 1052 1130 1104 tamen
1154 1063 1188 1104 ac
1210 1043 1378 1105 intolerabi-

80 1144 160 1204 libus
182 1143 300 1204 aluutnr
323 1143 497 1222 sumptibus.
546 1144 608 1203 llos
636 1144 733 1204 videas
755 1145 784 1203 in
809 1146 893 1203 ernui-
910 1145 1072 1213 mendicis,
1103 1145 1241 1207 omnibus·
1261 1144 1378 1205 lautitiis

80 1246 260 1314 delitiautes,
283 1228 435 1322 splendide
459 1246 590 1312 vestitos,
614 1245 692 1305 bcue
715 1252 896 1313 nummatus,
920 1261 1037 1323 semper
1060 1245 1158 1304 ehrios
1180 1263 1215 1305 ac
1234 1245 1378 1307 temulen-

81 1355 128 1407 tos
152 1347 197 1407 rel
221 1349 292 1411 citra
316 1348 429 1411 riuum.
454 1335 606 1407 stuittosos·
623 1347 706 1415 alem,
731 1346 844 1407 deditos
866 1346 1002 1423 crapulae
1041 1347 1090 1424 qui
1105 1345 1189 1406 aliter
1205 1365 1264 1407 non
1281 1349 1379 1407 rivum

47 1451 112 1508 nin
135 1448 201 1507 ailla
219 1467 313 1526 qnam
336 1446 382 1506 illa
407 1446 514 1524 Ulyssis
536 1447 614 1507 dorni
638 1465 797 1525 procorum
821 1447 975 1507 colluvies:
1009 1448 1083 1508 adeo
1112 1466 1173 1507 non
1200 1465 1306 1524 parare
1327 1454 1378 1507 aut

80 1566 193 1625 augere
217 1566 280 1610 reru
302 1549 376 1617 irati,
399 1548 451 1608 sed
475 1566 650 1611 consumere
674 1549 871 1626 superdeus,
903 1539 1023 1626 ἄγουσι
1046 1540 1101 1607 καὶ
1121 1539 1304 1626 piperem:
1326 1566 1376 1607 ne·

80 1670 140 1728 que
163 1651 287 1712 istorum
310 1635 467 1728 quicquam
490 1650 603 1725 gratis·
619 1650 856 1729 quandoquidem
879 1651 965 1728 primi
993 1650 1039 1709 isti
1060 1650 1197 1710 munifice
1220 1649 1376 1717 donanter,

79 1751 242 1811 liberaliter
265 1751 426 1818 habentur,
457 1753 537 1827 regie
560 1751 737 1819 vestiuntur,
769 1758 798 1811 et
819 1751 854 1810 ad
878 1751 973 1810 officia
996 1749 1093 1818 iacile,
1129 1751 1320 1827 praefecturas
1342 1769 1377 1809 ac

79 1853 213 1913 bonores
242 1852 414 1930 et'ehuutur.
459 1852 495 1911 Et
524 1852 561 1911 dc
590 1850 765 1930 palponibus
792 1852 893 1912 aulicis
920 1852 1039 1911 dictum
1053 1851 1177 1910 tortasse
1196 1849 1265 1927 plus
1287 1865 1445 1928 quamnsr.

47 1955 231 2031 noportuit;
260 1953 311 2014 scd
334 1953 459 2021 idcirco,
490 1960 518 2011 nt
543 1951 737 2029 iutelligeres,
766 1953 843 2012 hane
865 1953 1078 2031 reiterationem
1100 1951 1169 2030 quid
1193 1952 1376 2029 potissimum

79 2054 230 2115 difficilem
253 2062 283 2114 et
304 2052 523 2133 intranquillam
546 2053 698 2120 redderet,
732 2073 768 2113 ac
793 2055 822 2113 iu
845 2054 917 2117 aula
933 2054 1087 2114 amicitiam
1110 2072 1150 2114 ue
1172 2071 1375 2130 praesumeres.

144 2176 274 2217 cssrv-s.
314 2155 351 2216 Ut
373 2155 471 2223 rideo,
495 2155 621 2216 maxime
644 2155 769 2231 indiguis
791 2154 925 2216 benevoli
946 2148 980 2215 ac
996 2154 1118 2214 benefici
1134 2161 1204 2217 suut
1219 2155 1375 2232 principes.

145 2277 323 2318 scissurus„
349 2259 443 2334 Atque
473 2256 528 2315 lroc
557 2263 601 2316 est
629 2257 707 2333 quod
736 2256 814 2316 uides
843 2256 985 2335 quosdam
1019 2274 1115 2334 neque
1141 2275 1249 2334 genere
1282 2254 1377 2315 claros

78 2379 178 2438 neque
200 2359 307 2417 virtute
330 2357 549 2418 commendatos
571 2358 772 2420 insumuntur
795 2357 1009 2418 conscendisse.

42 2480 69 2517 π
144 2464 273 2522 cteris.
312 2459 431 2519 Sirribas
452 2459 589 2517 nrasime.

145 2579 311 2622 msavnvs.
350 2559 441 2619 lmine
463 2558 608 2637 quostiam
627 2558 732 2618 scribis
748 2561 913 2637 nequiores.
959 2567 1046 2639 atque
1062 2562 1171 2620 utinam
1187 2559 1299 2620 scribas
1313 2566 1376 2619 tan·

78 2673 144 2725 tum
167 2661 342 2722 eveherent:
372 2661 409 2719 ita
432 2661 494 2741 sine
516 2660 623 2720 iudicio
642 2679 679 2720 ae
701 2660 816 2720 delectu
838 2659 975 2720 liberales
997 2669 1066 2720 suut
1082 2662 1244 2739 principes.

144 2782 273 2824 cssrrs.
311 2760 505 2821 iamdudum
528 2768 610 2821 extra
632 2770 714 2821 tumn
737 2780 904 2829 sermonem
927 2782 1000 2822 ruem
1026 2763 1255 2839 peregrinantum
1277 2780 1443 2834 actuasset,

78 2886 114 2927 ac
143 2866 180 2925 de
209 2863 336 2943 quodam
367 2864 462 2939 cogite
491 2863 637 2923 morione:
671 2863 722 2922 scd
752 2870 782 2921 tn
812 2864 865 2921 tria
897 2863 984 2922 rerha
1014 2881 1080 2941 quae
1110 2852 1224 2939 neglexi
1247 2864 1375 2930 interim,

40 2975 193 3046 rsrepctc.

145 3085 311 3129 ursarnvs.
351 3064 380 3123 Si
403 3064 440 3124 de
463 3066 597 3124 merione
618 3065 700 3141 peius
722 3065 839 3125 dixeris.

145 3187 274 3230 ossrvs.
312 3165 452 3225 Audierat
474 3167 497 3225 is
520 3168 583 3225 auri
602 3144 759 3242 perreriam
783 3169 923 3246 conqueri
946 3183 1032 3250 sumn
1064 3166 1242 3244 principem,
1272 3172 1301 3223 et
1329 3182 1376 3224 re-

79 3279 168 3354 pente
191 3269 277 3341 ‘Quin
300 3272 331 3325 tu
355 3254 451 3325 scriba
473 3267 515 3325 ris
538 3267 610 3327 esse'
639 3268 732 3345 inquit
760 3275 803 3326 ‘ut
824 3253 929 3326 aurum
953 3267 1096 3327 lrahcas‘t'
1130 3286 1196 3326 iram
1225 3265 1289 3325 illos
1314 3283 1376 3343 praa

78 3372 219 3436 omnibus
240 3367 415 3445 pecuniosos
439 3367 558 3426 viderat.

78 3510 266 3521 ....-.--—-..-·
273 3510 283 3515 -

81 3594 169 3630 causa
180 3585 238 3644 ,etc
257 3587 326 3649 qaod
344 3590 385 3634 1³.
405 3583 487 3651 dedit]
512 3587 540 3635 in
558 3587 682 3649 inferiore
698 3601 778 3651 marg.
792 3603 861 3636 cerr.
876 3589 910 3637 II.
928 3604 979 3652 pro
998 3604 1027 3639 co
1046 3590 1115 3654 qued
1131 3591 1156 3636 in
1172 3589 1233 3636 cdd.
1252 3594 1291 3637 eat
1309 3588 1376 3648 Qui-

80 3665 132 3715 bus
151 3668 310 3731 autoribus,
330 3669 476 3719 multorum
495 3670 619 3721 felicitas
637 3671 792 3735 principum
811 3673 884 3736 perit
903 3689 936 3722 nc
955 3673 1132 3723 subvertitur.
1186 3670 1194 3704 ¹
1214 3671 1323 3720 Sorices
1342 3687 1375 3721 se

79 3751 179 3800 'sinere
197 3752 306 3817 palatii.
333 3769 413 3818 marg.
428 3760 453 3804 5.
478 3754 505 3804 S.
525 3755 792 3804 aet.auticaea.1e.
863 3755 873 3787 ²
897 3758 997 3821 quique
1016 3758 1051 3806 H.
1072 3758 1117 3820 qni
1141 3756 1200 3815 (non
1220 3756 1297 3820 quid)
1316 3757 1376 3806 edd.

79 3832 91 3865 ³
110 3836 227 3900 exigunt
239 3840 283 3887 13.
331 3836 361 3868 ·'·¹
380 3837 570 3903 Antisthenes]
583 3840 625 3888 De
638 3840 804 3891 Antisthene
817 3841 889 3890 hane
904 3841 1035 3891 fabellam
1049 3846 1180 3889 enarrant
1193 3841 1375 3903 lliog.Laert.

81 3919 171 3982 vlit,
191 3921 268 3970 Stob.
282 3921 362 3971 floril.
374 3923 447 3973 XlV.
462 3923 517 3986 ln,
536 3925 570 3972 dc
583 3924 709 3988 Diogene
723 3923 873 3977 Athenaeus
884 3927 1017 3990 Deipuos.
1034 3925 1081 3974 VI.
1095 3924 1136 3973 65.
1156 3924 1324 3988 (Schweiglr.
1338 3925 1374 3974 112

79 4020 105 4068 p.
113 4005 187 4067 475.)
207 4007 235 4054 in
255 4021 365 4065 corvos,
386 4008 403 4055 i.
419 4024 443 4057 e.
463 3999 492 4065 lc
509 3999 649 4070 κόρακας,
671 4009 730 4070 serr
749 4010 803 4057 arei
819 4025 864 4057 nes
882 4012 1033 4069 diceremus,
1054 4015 1128 4057 nnter
1145 4010 1186 4057 die
1204 4008 1304 4063 liabeo,
1323 4025 1376 4056 :uin

81 4091 148 4148 Arra,
169 4091 221 4152 aus
234 4092 284 4138 den
302 4092 488 4154 Schinrtanqer.
509 4092 607 4142 Graeee
626 4091 747 4156 lepidius
766 4093 943 4148 estvdictum:
968 4108 1082 4145 cortices
1098 4111 1134 4135 =
1151 4093 1238 4151 corvi,
1265 4091 1376 4140 celoces

77 4174 330 4224 :adsentatores
371 4175 593 4226 ²·muuditin13.
633 4175 716 4225 luen
735 4176 771 4225 al.
791 4179 850 4227 edd.
869 4193 923 4227 uon
942 4178 978 4226 al.
994 4178 1028 4225 H.
1069 4175 1204 4225 ³⁰.Adeo
1217 4176 1253 4224 H.
1292 4172 1310 4206 '¹
1329 4167 1375 4238 ἄγ.

79 4273 104 4307 a.
118 4251 194 4323 qaia]
214 4257 358 4307 abducunt
376 4264 404 4308 et
423 4261 561 4310 auferunt.
581 4260 622 4308 ita
640 4261 793 4324 soepissime
813 4262 884 4326 apud
903 4262 1016 4312 Graecos
1035 4261 1084 4310 illn
1103 4260 1188 4310 verbu
1207 4259 1375 4323 coniungun-

78 4348 124 4391 tur
136 4343 171 4391 ad
184 4343 402 4407 significandam
415 4345 550 4409 rapiendi,
571 4344 764 4408 depopulandi,
785 4345 928 4408 praedandi
940 4345 1136 4395 temeritatem.
1162 4344 1201 4409 Cf.
1220 4359 1244 4392 e.
1259 4358 1298 4408 gr.
1312 4342 1375 4392 Plu·

79 4427 168 4476 tarch.
183 4429 255 4477 Mar.
273 4426 312 4476 te.
328 4428 395 4476 lanc.
409 4428 450 4477 31.
464 4428 539 4478 Dial.
553 4428 586 4478 de
600 4435 670 4478 orat.
683 4428 709 4477 8.
764 4427 784 4462 ¹²
803 4430 933 4494 quiequid
949 4433 992 4478 13.
1012 4427 1123 4493 (quicq)
1178 4427 1198 4459 ¹³
1217 4432 1245 4477 et
1262 4433 1322 4477 mite
1340 4428 1376 4477 ad

78 4513 224 4568 adsentit..
245 4517 415 4561 aennrutrrer't
434 4510 468 4560 ed
486 4514 512 4560 in
531 4517 559 4562 et
576 4519 602 4562 ut
621 4517 664 4563 13.
730 4512 750 4546 ¹⁸
768 4518 797 4562 et
815 4514 850 4562 u.
871 4529 904 4562 ac
923 4515 981 4561 edd.
1050 4511 1275 4572 ¹¹1moetiom5.
1328 4528 1375 4562 ue-

79 4597 188 4660 quiores
201 4597 239 4645 H.
259 4593 408 4645 interiores
426 4596 487 4646 edd.
541 4597 700 4661 ‚AtqueIA
752 4595 909 4662 ²¹>quodum
921 4599 959 4646 II.
980 4595 1026 4645 illo
1045 4599 1103 4646 eriri.
1156 4593 1376 4662 morione1Hes·

78 4697 182 4730 norrea.
219 4682 263 4729 De
284 4677 378 4728 mttltis
396 4679 501 4730 labella
519 4688 655 4730 narratur.
