3210 5416
243 349 316 419 518
687 379 804 414 DIALOGI
829 378 1098 413 Psuvnottvrumttct.

187 548 232 597 §.t
307 536 438 592 Eccins.
475 535 547 591 Proh
570 535 678 592 miseria
702 535 867 598 miserrima,
891 535 1053 610 mancipium
1076 535 1129 592 hoc
1150 535 1338 610 largiloquum
1361 538 1394 592 ad
1410 538 1524 592 insaniam

243 639 285 677 me
308 620 388 676 lindie
411 620 525 692 rediget.
570 619 640 686 Quin
664 630 692 675 tu
715 619 794 682 siles,
819 619 993 682 tervencbcc,
1016 627 1043 674 et
1064 619 1225 676 cantharum
1248 620 1374 694 praebes!

306 705 403 760 Puer.
441 702 532 759 Silubn
555 703 652 775 igitur.
677 704 804 777 quoniam
828 711 857 760 tu
880 705 916 759 ita
939 704 1032 765 iubes,
1061 714 1089 760 ct
1111 704 1220 761 suntuna
1245 696 1416 778 iniquissima
1441 708 1464 761 in
1490 725 1524 761 me

244 790 291 846 tibi
314 788 458 862 imperium
488 788 626 862 permisit,
656 805 710 843 neu
734 788 846 861 ignarus
869 789 1012 862 pessimam
1035 806 1095 844 csse
1118 797 1221 844 sortem
1244 790 1316 845 servi
1341 788 1414 846 iliius
1441 791 1524 864 quiin

242 875 376 930 «tercentis
392 873 450 929 bcri
467 873 624 927 servitutem
642 872 781 934 inciderim
804 873 867 929 bibe
883 873 980 946 igitur,
1003 880 1063 935 aut,
1087 873 1109 927 si
1128 874 1225 936 mavis,
1249 874 1368 931 bibenda
1385 885 1411 931 tc
1426 876 1543 931 suffocas

188 978 234 1027 ps,
310 958 442 1014 Eccius.
480 958 547 1023 Quid
572 964 630 1012 tute
654 966 742 1013 tecum
764 958 866 1029 garris,
891 957 1033 1030 mastigia?
1564 972 1566 976 ’

307 1044 402 1098 Puer.
440 1040 480 1096 u'd
504 1041 644 1114 equidem,
667 1042 790 1100 canthari
814 1042 929 1098 forsitan
952 1041 1097 1116 strepitum
1119 1043 1227 1101 audisti.

306 1127 437 1184 Eccius.
475 1127 495 1180 0
519 1126 643 1186 fortuna,
667 1126 731 1180 viris
755 1126 841 1181 invida
864 1126 991 1188 fortibus,

474 1209 557 1276 Quam
581 1227 636 1265 nnn
659 1228 736 1284 muna
759 1210 839 1266 bonis
862 1212 973 1284 praemia
995 1211 1106 1267 dividis!

474 1293 564 1349 Gaude
588 1294 686 1366 igitur,
710 1295 838 1361 Martius,
862 1305 889 1350 et
912 1304 956 1358 tu,
978 1295 1160 1358 Carcistadie,
1182 1297 1281 1369 gautbt
1535 1309 1552 1345 u

476 1378 529 1433 b'cc
551 1396 620 1441 neu,
643 1379 786 1455 tuitippe,
809 1379 911 1437 scbulrc
933 1379 1131 1454 puberuientte
1154 1381 1296 1453 tangimur,

246 1475 398 1540 nustrcquc
421 1482 493 1520 nunc
517 1463 686 1521 cusaticmini
707 1464 844 1526 cruciatu,
875 1464 1048 1523 oblectamini
1075 1465 1187 1528 dubim,
1216 1465 1257 1521 nil
1276 1467 1356 1525 cuim
1386 1463 1422 1535 (ni
1450 1465 1529 1536 iatine)

246 1551 351 1625 gratius
374 1548 450 1604 vntris
473 1548 581 1605 evenire
603 1557 712 1622 posset,
747 1566 827 1622 quam
850 1545 956 1605 Eccium
987 1550 1069 1606 tantis
1097 1551 1242 1613 erumnis,
1277 1551 1362 1607 tantis
1391 1551 1528 1609 involutum

190 1645 357 1693 §.tcerncre
385 1631 592 1689 calamitatibus.
637 1634 688 1690 Sed
717 1633 817 1696 iterum
844 1634 1017 1697 cantharum,
1053 1643 1083 1689 ut
1112 1634 1231 1693 Bacchus
1259 1635 1373 1692 dotores
1401 1637 1528 1709 extinguat

247 1730 299 1776 taur
322 1737 426 1793 graves.
677 1728 680 1731 ’
1536 1729 1551 1765 ¹³

308 1805 406 1859 Puer.
444 1804 497 1858 tarn
521 1802 594 1859 sitim
616 1802 666 1860 ln's
686 1803 825 1866 sedasset,
848 1803 977 1865 nimirum
999 1803 1022 1858 si
1045 1803 1126 1864 bodie
1149 1802 1234 1878 pluet,

309 1889 445 1945 Eecins.
483 1889 569 1948 Prub,
593 1886 639 1943 lut
661 1888 773 1950 acerba,
796 1889 856 1961 quis
880 1888 954 1954 intus
972 1888 1111 1962 scorpius,
1194 1928 1200 1935 ι

484 1973 550 2039 Quis
572 1989 668 2028 cancer
688 1972 787 2031 ictinus
810 1990 883 2031 meas
906 1973 961 2029 urit
983 1971 1123 2036 manuus,

483 2057 634 2112 bistcndit?
656 2057 734 2113 ardet
756 2055 819 2122 felic
841 2057 942 2114 siccate
959 2057 1050 2120 iecur,
1171 2120 1175 2130 ¹

484 2142 638 2215 Totumque
658 2141 750 2198 lentus
773 2142 932 2215 sanguinem
954 2142 1040 2199 avexit
1063 2159 1155 2216 vapor.
1318 2164 1319 2169 ¹
1533 2152 1551 2189 u

247 2229 303 2284 iarn
324 2236 400 2285 tanto
422 2225 511 2301 deteri
536 2227 630 2300 impar.
644 2245 717 2289 sura,
741 2227 794 2282 iam
816 2245 910 2283 ananus
933 2227 984 2289 to,
1013 2227 1130 2287 tormina
1153 2235 1207 2284 tam
1229 2229 1289 2284 dira
1311 2229 1386 2285 band
1407 2229 1475 2284 nitra
1496 2238 1528 2283 tu

192 2311 436 2370 §.sternentem
470 2310 570 2384 Ocyter
586 2311 683 2383 igitur,
698 2329 787 2386 puer,
811 2313 963 2370 unirensam
985 2311 1132 2368 amicarum
1154 2312 1254 2371 adunca
1280 2313 1405 2375 turbam,
1430 2324 1458 2368 ut
1477 2330 1527 2368 cnm

246 2397 290 2453 bis
306 2395 402 2452 saitem
420 2413 480 2469 qum
497 2394 523 2449 in
545 2413 603 2450 rent
627 2414 713 2452 rimam
736 2396 793 2452 sint
814 2395 978 2453 deliberem:
1000 2397 1077 2470 prius
1101 2404 1189 2456 tarum
1205 2399 1373 2454 „carrtbarnm
1396 2399 1525 2473 porrigite

308 2482 403 2544 Puer.
441 2479 582 2548 Quodnam
603 2481 722 2538 malum?
750 2478 878 2538 turbam?
909 2499 969 2537 curn
993 2481 1035 2535 vix
1058 2498 1128 2537 uuus
1150 2490 1197 2538 aut
1219 2481 1291 2540 atter
1313 2483 1395 2540 uobis
1422 2482 1526 2556 supersit

246 2566 361 2627 amicus,
384 2583 434 2621 uec
456 2564 494 2620 bii
516 2564 583 2620 satis
604 2583 636 2621 es
659 2567 758 2622 anirue.
1530 2573 1547 2610 ²³

312 2650 442 2707 Eccius.
480 2650 579 2705 Tamen
601 2668 681 2714 vuca;
710 2650 757 2708 sed
779 2650 856 2725 prius
880 2649 978 2725 vicario
1001 2649 1153 2707 substitute
1175 2651 1222 2726 qni
1245 2652 1317 2709 vices
1339 2651 1525 2729 suppieatturs

247 2754 279 2794 ac
299 2744 430 2798 strennue
452 2734 611 2792 cantharum
633 2735 738 2794 efferat.

193 2823 239 2872 it·
312 2823 410 2877 Puer.
447 2819 507 2875 Fiat
528 2819 594 2881 hcc,
619 2819 670 2876 iam
692 2819 769 2879 abeo.

311 2906 447 2963 Eecins.
484 2905 561 2960 btaue
581 2903 645 2961 dum
668 2921 699 2960 ac
721 2904 798 2978 prius
820 2905 978 2962 cantharum
1001 2904 1141 2979 praebitum
1165 2905 1217 2962 iam
1231 2905 1291 2969 abi,
1315 2915 1348 2963 ut
1362 2915 1449 2963 tannen
1463 2913 1522 2962 actu·

248 3000 305 3060 trun
328 2992 422 3048 redeas
444 2997 589 3047 memento.
617 2989 691 3046 nitet.
1526 2991 1542 3030 a

311 3077 406 3132 Puer.
445 3073 547 3132 Ructus
569 3082 707 3135 ructatur,
731 3082 808 3130 satur
830 3082 873 3131 cst
896 3075 1017 3138 tandem,
1048 3074 1129 3131 uitam
1152 3075 1221 3132 banc
1244 3075 1427 3150 implevimus,
1452 3073 1519 3149 probe

248 3170 365 3236 appntus
388 3169 507 3216 stertere
530 3159 633 3232 incipit.
677 3159 779 3217 utinum
796 3176 928 3216 reversus
952 3158 1027 3217 ittnm
1049 3158 1181 3234 pensibem
1204 3162 1352 3218 inveniam!
1385 3170 1436 3216 tam
1461 3159 1520 3215 ortic-

248 3261 294 3301 sus
318 3254 346 3301 et
368 3244 502 3300 molestus
525 3252 581 3306 est,
604 3261 659 3300 nou
683 3244 735 3300 iam
758 3243 853 3300 alienis
877 3252 997 3307 tuntum,
1020 3245 1067 3301 sed
1090 3253 1118 3300 et
1140 3245 1211 3307 suis,
1236 3246 1283 3301 sed
1307 3254 1335 3302 et
1358 3245 1461 3305 amuis,
1484 3258 1518 3316 pu

248 3330 381 3386 tissimum
404 3346 468 3384 scre
489 3328 654 3386 domesticis.
1218 3385 1221 3389 .

311 3413 426 3469 Amici.
458 3412 534 3470 Sabe
550 3413 680 3485 magister
695 3422 798 3478 nester,
813 3432 856 3479 en,
873 3422 909 3472 ut
919 3415 1046 3476 iusseras,
1061 3413 1112 3473 tibi
1127 3422 1229 3487 preste
1245 3431 1349 3477 murus,
1365 3415 1438 3476 heus,
1452 3408 1535 3468 beasti
1598 3478 1603 3498 Ι

313 3498 410 3553 Puer.
449 3496 495 3551 Vix
516 3504 688 3559 taratantara,
705 3499 877 3559 merebibum
905 3499 982 3555 iilum
1010 3499 1154 3561 excitaret,
1189 3516 1240 3555 nee
1256 3499 1381 3570 ⁴mirum,
1414 3496 1513 3572 quonum

189 3592 238 3642 §.tt
251 3600 306 3639 neu
328 3580 417 3637 solun
440 3579 528 3654 pauiu
544 3581 608 3656 pius
630 3582 748 3654 adbibit,
772 3585 819 3641 sed
844 3592 900 3641 tcta
922 3585 1007 3656 terme
1029 3584 1072 3641 die
1093 3583 1253 3643 cantharum
1276 3601 1340 3647 cre,
1364 3592 1392 3640 ct
1405 3580 1513 3640 morum

249 3667 370 3742 quidem,
394 3664 517 3739 retinuit
574 3665 692 3740 Evigila,
716 3668 798 3729 bere,
822 3670 921 3726 adsunt
942 3668 1034 3725 antici!
1116 3704 1121 3715 ·

312 3750 444 3808 Eccius.
481 3750 561 3814 Hem,
597 3769 675 3824 qnam
699 3769 807 3808 suavem
829 3752 945 3827 abegisti
969 3770 1108 3816 sonnium,
1142 3771 1250 3811 emnem
1272 3753 1420 3810 oldormivi
1439 3762 1532 3866 crept).

211 3817 215 3823 ’
248 3837 315 3898 lam:
339 3836 386 3892 sed
407 3853 457 3892 cur
479 3843 532 3891 tarn
556 3853 657 3910 paucus
679 3837 832 3893 adduxisti?

311 3922 408 3978 Puer.
445 3921 489 4002 stt¹
503 3921 582 3978 multi
604 3920 651 3977 ubi
674 3923 768 3980 eraut?
802 3923 868 3995 quin
891 3939 941 3979 nec
962 3922 1056 3997 paucis
1085 3921 1154 3986 iilis,
1188 3923 1351 3998 quibuscum
1376 3929 1509 3995 mugitum

249 4023 323 4069 sum,
348 4015 379 4062 ut
399 4024 443 4062 me
465 4014 660 4081 sequerentur,
683 4007 848 4081 persuadere
870 4007 958 4084 potui.
1316 4041 1320 4049 ·

250 4190 321 4240 ‘udis
339 4190 397 4239 auis
414 4188 500 4239 tabiis
518 4189 553 4238 ob
571 4188 698 4238 innatam
716 4203 750 4238 nc
768 4191 928 4240 continuum
950 4189 1143 4246 temulentiam
1167 4206 1247 4242 orere
1272 4190 1433 4256 incepisset,
1452 4178 1507 4249 pttb

250 4273 356 4338 ‘quales
375 4273 515 4323 clamores
529 4272 670 4334 audisses,
693 4279 737 4335 ut,
762 4274 786 4324 si
810 4274 952 4336 nituisses,
975 4274 1106 4337 dixisses,
1132 4290 1194 4325 enm
1211 4275 1343 4326 Stentora
1361 4275 1460 4324 vincera
1474 4277 1505 4313 vu

252 4357 363 4415 ‘luissez
384 4357 532 4423 aliquando
550 4373 616 4408 vero
636 4357 705 4409 edne
722 4357 858 4411 submisse
881 4359 1062 4419 mussitabat,
1085 4364 1130 4421 ut,
1154 4359 1220 4424 quid
1244 4360 1365 4423 diceret,
1388 4369 1457 4408 nemo
1474 4359 1507 4397 ⁸⁰·

251 4441 333 4493 ‘diret
350 4456 399 4492 seu
416 4428 613 4507 intelligeret,”
633 4458 790 4504 ιιιιιιιιιιιιιι,
820 4441 851 4476 Μ
870 4432 967 4494 senec.
978 4443 1234 4508 Herc.t‘ur.524.sq.
1287 4443 1309 4477 ¹⁰
1325 4443 1458 4500 uumerus,
1469 4431 1507 4481 0¹·

248 4524 414 4575 rodostadius
428 4532 466 4576 *et
483 4527 683 4579 Melanchtimn
704 4529 733 4577 in
750 4529 892 4593 Lipsieusi
915 4527 1105 4593 disputatione
1128 4527 1239 4579 modesti
1261 4528 1354 4580 Eekin
1375 4511 1507 4577 autemid

246 4607 270 4661 ¹⁶,
289 4610 332 4660 Cf.
345 4611 434 4662 Pleut
448 4611 528 4663 Cure.
542 4614 564 4662 1.
578 4614 645 4676 ‘2‚tt.
686 4614 707 4647 ¹2
716 4620 757 4658 ut
771 4614 958 4669 Senecflere.
967 4611 1032 4664 Oet.
1042 4612 1180 4678 1218.sqq.
1221 4611 1244 4644 ⁸²
1262 4610 1373 4678 pausil.]
1389 4599 1505 4660 θίΡΙῑΰι

248 4693 349 4744 Pseud.
362 4694 391 4743 I.v
401 4694 466 4756 but.
501 4694 523 4729 ³⁶
542 4697 953 4763 marcenetptausuurcst
970 4697 1033 4756 i‚tt.
1079 4697 1102 4731 ⁴⁰
1119 4683 1505 4763 ecobeJPtaueatostddi
