3232 5422
254 348 327 424 366
497 367 545 417 XI.
615 381 775 427 rasponus.
845 382 984 418 nranoovs
1005 382 1186 417 nvrrnarcvs.
1206 365 1296 431 (isto.)

236 532 430 620 ,gfffflflt
446 530 453 601 l
469 533 569 613 quales
584 535 673 595 bodie
688 535 800 595 suntin
816 536 972 597 Germania
987 535 1156 618 Principes,
1178 552 1263 594 suam
1278 554 1428 614 quemque
1442 543 1470 595 et
1482 535 1527 612 pri·

254 645 348 696 vatam
371 620 435 696 rern
457 636 632 715 plerumque
654 637 785 696 ridemus
808 639 970 714 respicere,
999 635 1149 714 publicum
1179 655 1248 696 vero
1277 654 1387 696 curare
1408 638 1528 714 paucissi-

256 738 329 816 mos)
353 746 424 798 tune
445 738 524 796 sines
545 738 657 797 iniussu
679 736 796 798 illorum
818 755 874 816 pro
897 739 1033 816 aequitate
1054 756 1110 798 nos
1131 755 1249 815 quoqne
1272 736 1461 816 depugnare!

317 857 494 899 macaron.
531 825 624 899 Tune
638 839 740 898 sinam.

315 959 516 1001 renumecvs.
554 939 590 999 Et
611 940 702 1017 siquis
724 946 753 999 te
775 939 885 1017 allligat
906 956 986 1001 nunc
1007 939 1129 1008 iniuria,
1151 958 1268 1018 ammo
1292 947 1382 1019 putas
1403 941 1459 999 rim
1479 956 1544 999 earm

253 1040 307 1102 abs
329 1048 358 1102 te
379 1047 413 1100 nt
434 1039 606 1109 delendam,
629 1042 653 1099 si
676 1059 763 1100 nemo
785 1041 926 1118 Princeps
949 1040 1047 1101 iubeat
1069 1040 1175 1106 etiam?

185 1146 245 1197 §.tn
319 1162 496 1204 maceror.
535 1141 610 1212 Quid
634 1143 680 1202 nil
702 1160 828 1220 mquum.

315 1261 515 1304 rnancrscvs.
553 1242 640 1303 Vides
660 1244 749 1322 igitur
771 1262 858 1322 quarn
881 1260 941 1302 non
963 1243 1117 1302 conveniat
1137 1242 1195 1303 boc
1216 1242 1349 1304 adimere
1372 1244 1465 1313 nobis,
1486 1261 1534 1322 quo

252 1343 316 1403 solo
338 1342 451 1405 nobiles
472 1361 589 1413 sumno,
612 1352 645 1406 ut
666 1346 694 1404 vi
716 1363 866 1405 armorum
889 1345 1055 1422 aequitatem
1078 1351 1227 1412 tueamur;
1251 1347 1420 1422 praesertim
1435 1344 1478 1404 len
1492 1363 1534 1403 no

223 1497 225 1500 ,
253 1442 396 1528 ἓξξξξῗξῗξ,,1
419 1443 538 1505 bilitatis
560 1464 626 1506 cum
649 1446 686 1505 sit
708 1446 814 1507 auxilio
837 1446 934 1506 levare
949 1462 1123 1523 oppressos,
1146 1464 1231 1524 opem
1248 1446 1328 1506 ierre
1343 1448 1473 1517 miseris,
1494 1438 1557 1506 ad-t't

254 1541 341 1605 llictis
363 1564 554 1616 succurrere,
577 1553 740 1625 agnoscere
762 1546 932 1615 derelictos,
963 1546 1063 1607 ulcisci
1084 1547 1182 1624 iniqua
1204 1564 1381 1626 perpessos,
1411 1549 1536 1608 resistere

255 1646 412 1725 improbis,
440 1647 477 1707 ab
499 1650 664 1709 innocentia
687 1649 863 1727 propulsare
885 1648 960 1717 vim,
989 1649 1066 1708 tueri
1096 1647 1195 1709 viduas
1215 1648 1437 1727 etorpbanos,
1466 1655 1538 1708 utte

254 1750 419 1809 convictum
440 1750 527 1810 toties
549 1751 607 1825 iam
628 1768 739 1828 negare
761 1749 838 1809 baud
860 1750 967 1828 possis.
1331 1830 1335 1835 ³

316 1869 493 1911 macaron.
530 1851 632 1930 Neque
654 1850 738 1912 valde
751 1869 851 1929 nego,
882 1858 912 1912 et
940 1856 1006 1928 post
1032 1849 1088 1910 hac
1117 1848 1250 1927 probabo
1271 1849 1329 1910 hac
1351 1848 1418 1928 lege
1439 1849 1540 1912 bellun

255 1957 285 2012 et
306 1951 436 2036 indicere
458 1968 509 2011 ros
530 1950 623 2013 libere
645 1960 674 2013 et
696 1970 800 2029 gerere
819 1951 946 2013 fortiter.
1128 1942 1133 1949 ’
1551 1958 1575 1998 ¹³

140 2084 142 2088 >
187 2061 246 2111 tto.
319 2072 532 2116 cranemere·
556 2054 621 2125 Ouo
644 2055 736 2132 magis
759 2055 919 2132 cognosces
940 2054 1073 2132 iniquum
1096 2071 1161 2114 esse
1183 2058 1265 2112 tunm
1288 2053 1327 2113 de
1355 2055 1431 2113 meis
1459 2052 1544 2114 rebus

256 2153 413 2223 indicium,
436 2156 462 2216 si
482 2155 583 2216 audias
598 2154 706 2235 quibus
720 2154 844 2216 testibus
857 2153 1003 2215 bellorum
1019 2172 1154 2215 nieorum
1169 2171 1286 2213 caussas
1301 2153 1433 2232 probare
1449 2155 1544 2215 sciam.

317 2276 493 2317 nuncnune.
532 2256 569 2316 Ut
588 2257 662 2326 scias
684 2264 771 2334 atque
793 2255 851 2316 boc
865 2256 953 2317 etiam
967 2256 1141 2323 convincar,
1164 2261 1263 2315 tannen
1278 2255 1465 2333 principibus
1478 2255 1545 2316 sub·

149 2418 154 2427 ,
254 2354 408 2443 ξξξξῇςῇἓι
438 2374 502 2417 esse
532 2375 581 2417 vos
604 2356 689 2419 decet
710 2366 739 2418 et
761 2375 862 2418 rerum
884 2355 1084 2434 gubernacula
1107 2357 1142 2416 iis
1164 2355 1353 2425 concedere,
1378 2369 1476 2436 neque
1497 2376 1547 2435 pe·

253 2459 332 2519 nitus
354 2460 393 2519 ita
415 2457 598 2519 contundere
619 2460 726 2520 omnia.
1567 2463 1602 2505 ²⁰

318 2579 518 2622 rnanerscvs.
556 2559 659 2639 Neque
690 2560 812 2621 subesse
844 2559 909 2619 loco
937 2557 1228 2637 illis‘dedignamur,
1263 2564 1293 2617 et
1320 2560 1433 2619 servire
1463 2561 1554 2620 etiarn

255 2659 414 2722 liberaliter
436 2679 607 2740 possumus,
638 2669 669 2722 ut
690 2659 791 2729 liberi,
807 2671 809 2674 ’
824 2667 894 2721 tunc
921 2667 991 2738 puta
1013 2678 1080 2721 curn
1103 2678 1159 2719 nos
1180 2658 1326 2737 aliquibus
1347 2659 1428 2719 ullro
1450 2660 1554 2720 derin-

254 2779 329 2817 cnur.
353 2761 360 2831 Ι
384 2763 527 2844 norimus:
556 2781 624 2823 nam
646 2761 755 2841 alioqui
775 2780 867 2822 unum
890 2764 1075 2839 agnoscimus
1097 2761 1248 2821 dominum
1272 2760 1435 2835 Caesarem,
1467 2780 1555 2822 eum-

256 2882 314 2942 que
335 2881 474 2925 vocamns
489 2860 645 2925 Libertatis
667 2863 793 2943 publicae
815 2871 1067 2932 conservatorem,
1090 2862 1127 2922 ob
1151 2862 1179 2921 id
1202 2861 1280 2940 quod
1303 2862 1327 2920 si
1349 2863 1375 2921 is
1397 2881 1453 2941 per
1475 2864 1557 2923 iniu-

256 2966 330 3025 riam
353 2983 407 3024 nos
430 2966 575 3044 opprimat
597 2973 647 3026 ant
669 2973 771 3026 contra
794 2983 1020 3043 quam-aequum
1036 2970 1081 3024 est
1093 2970 1194 3041 cogat,
1217 2978 1360 3039 negemus
1382 2965 1554 3042 parendum
1592 2971 1614 3010 ¹³

187 3063 345 3141 §.rnfig‘gg‘gff
369 3058 378 3128 Ι
400 3075 429 3128 et
450 3069 512 3147 ipsi.
559 3074 646 3148 atque
668 3069 702 3137 is,
726 3068 750 3126 si
771 3068 954 3145 perconteris
976 3064 1013 3126 ab
1037 3084 1074 3125 eo
1095 3082 1190 3134 nunc,
1214 3064 1292 3143 qnod
1315 3064 1446 3125 officium
1463 3066 1564 3126 susti‘

254 3175 341 3236 neat,
366 3185 425 3228 non
452 3168 541 3231 licere
569 3171 708 3231 iniustum
738 3169 886 3247 quidpiam
918 3170 1064 3245 imperare
1092 3165 1147 3226 sibi
1175 3172 1225 3225 aut
1254 3164 1417 3243 probibere
1439 3168 1562 3226 iruurnn

255 3253 406 3337 fatebitur:
429 3279 509 3331 tanto
531 3272 629 3332 minus
642 3269 779 3350 reliquos
800 3288 854 3348 per
877 3269 1064 3347 Germaniam
1087 3267 1250 3345 principes,
1274 3284 1404 3344 quorum
1426 3268 1456 3326 in
1479 3284 1569 3327 suos

255 3369 379 3449 quisque
400 3370 555 3448 imperium
579 3373 668 3444 babet
689 3372 845 3432 honestum
869 3378 898 3431 et
920 3368 1055 3439 liberale,
1079 3369 1108 3429 id
1130 3385 1217 3453 posse
1239 3367 1422 3430 censendum
1445 3375 1497 3429 est

219 3459 224 3470 '
318 3490 495 3533 nonomen.
533 3473 646 3535 Censeo
669 3491 728 3533 non
750 3491 846 3551 posse.
910 3550 913 3555 Ι
1608 3473 1614 3514 l

318 3591 490 3633 nvrrcnvs.
528 3575 623 3652 Atque
651 3593 706 3652 ego
734 3574 834 3650 flagris
867 3590 973 3634 censeo
1004 3571 1080 3632 hanc
1112 3572 1151 3632 ob
1184 3588 1317 3631 caussam
1352 3578 1381 3630 te
1415 3573 1570 3647 conscio,

256 3670 393 3733 dendirm.

320 3795 522 3836 rnnnorscvs.
562 3776 696 3837 Concede
719 3778 794 3837 istnc
818 3784 864 3845 tu,
888 3784 917 3837 et
938 3795 985 3837 me
1008 3784 1109 3853 patere
1131 3793 1199 3835 cum
1221 3775 1278 3834 boc
1299 3791 1389 3852 agere
1412 3791 1500 3834 nunc.

318 3897 491 3938 nvrrnnvs.
531 3877 696 3938 Concedam
723 3886 752 3937 et
782 3880 890 3955 patiar:
920 3887 951 3940 tu
974 3895 1044 3938 vero
1066 3894 1104 3936 ne
1127 3875 1299 3936 obliviscere
1322 3874 1393 3954 quid
1416 3875 1465 3935 bic
1487 3893 1572 3935 mer

256 3984 355 4038 reatnr
378 3978 416 4039 ob
438 3979 671 4040 maledicentiam
694 3977 760 4057 plns
781 3980 871 4038 nimio
894 3997 1059 4058 procacem.
1180 4045 1185 4058 ,

187 4086 246 4136 tro.
320 4100 518 4143 rnnncrscrs.
556 4081 631 4143 Audi
652 4099 700 4141 me
722 4080 861 4159 amplius,
883 4079 1043 4167 Mercator:
1067 4078 1143 4139 istud
1167 4092 1270 4139 censes
1284 4094 1345 4136 non
1360 4095 1450 4155 posse
1464 4077 1576 4137 Prior

255 4181 350 4259 cipes,
373 4183 461 4258 igitur
484 4182 541 4243 hoc
563 4181 646 4243 dabis
669 4183 753 4243 etiam
777 4182 861 4248 milri,
885 4180 1021 4242 omnibus
1043 4180 1141 4241 iacere
1163 4179 1241 4258 quod
1264 4165 1383 4257 aequum
1400 4185 1444 4239 est
1459 4175 1586 4238 liceri>-

254 4298 372 4360 semper
395 4291 424 4344 et
445 4284 571 4345 cuiusvis
591 4285 712 4345 iniussu.

318 4402 505 4451 unncaron„
532 4385 643 4444 Licere.

317 4503 518 4546 rnancrscvs.
555 4484 631 4554 Quid
654 4484 731 4546 alind
754 4486 825 4546 lacis
853 4487 941 4562 igitur
968 4503 1055 4563 qnam
1085 4483 1164 4563 quod
1191 4482 1350 4561 pauloante
1378 4483 1555 4549 adserenti„
1606 4484 1614 4522 ¹

255 4583 282 4642 id
304 4585 360 4643 ianr
384 4587 491 4661 negas'l
1277 4654 1278 4657 Ἴ

316 4704 492 4747 uanoaroa.
530 4686 641 4747 'lamen
664 4688 819 4764 praedones
841 4693 910 4746 sunt
931 4688 961 4746 in
983 4685 1137 4765 Equitibus
1159 4683 1243 4746 valde
1264 4684 1360 4746 multi.
