3270 5430
267 366 312 436 64
563 380 614 430 111.
684 396 823 430 ursavcva
844 396 866 429 a.
885 396 966 431 avua.
1003 396 1151 432 urauoovs.
1172 383 1258 446 (tatu.)

264 551 344 619 xisti,
379 548 559 619 admirabar,
595 551 716 608 vestium
740 550 881 616 nitorem,
917 568 1022 610 aurum
1045 557 1073 610 ct
1095 568 1241 628 gemmas,
1275 568 1311 611 ao
1339 549 1407 609 illos
1436 549 1558 611 Arabico

264 650 375 710 olentes
398 658 578 727 purpuratos
600 657 632 709 ιιι
654 649 725 709 deos
747 650 885 719 vocabam
909 650 1014 710 deinde
1038 654 1134 727 magni
1158 651 1300 711 faciebam
1323 653 1358 712 iis
1378 653 1557 718 conversari,

263 753 300 811 ad
322 770 449 830 utrorum
471 759 662 829 conspectum
686 734 775 811 ctiam
795 770 908 812 summa
931 753 1117 812 contentione
1140 753 1265 812 maxima
1293 771 1372 829 saepe
1400 752 1557 813 multitudo

263 859 468 930 procurreret,
491 854 584 930 iisque
607 851 732 931 colloqui
747 862 784 919 ,et
806 872 909 913 corum
932 853 1124 913 familiaritate
1147 854 1274 921 censeri,
1298 872 1333 913 ac
1355 852 1420 912 illas
1440 855 1557 913 affecta·

263 955 330 1016 bam
354 954 567 1021 immunitates,
597 962 626 1013 et
648 954 750 1014 divites
772 972 876 1014 omnes
897 952 1035 1031 putabam
1059 955 1108 1032 qui
1130 958 1173 1015 sic
1199 962 1393 1023 ornarentur,
1430 970 1576 1033 cumquea

264 1058 471 1134 patrimonium
494 1054 565 1114 mihi
587 1063 664 1115 essct
686 1056 894 1133 perexiguum,
919 1054 1001 1114 facile
1025 1055 1081 1115 hoc
1102 1055 1167 1115 loco
1183 1056 1326 1117 ditescere
1342 1056 1556 1134 proponebam.

264 1157 396 1236 qnaedam
419 1162 560 1233 praetcrea
584 1157 668 1216 insila
691 1157 745 1216 fuit
766 1163 795 1215 ct
815 1158 910 1216 iuveni
926 1163 955 1216 et
970 1157 1121 1233 imperito,
1146 1165 1178 1217 ut
1193 1157 1304 1226 multiS,
1328 1158 1466 1218 ambitio:
1490 1176 1557 1217 nam

263 1257 419 1336 aliquando
442 1257 541 1317 videns
564 1276 597 1317 ex
622 1255 723 1318 aulicis
745 1264 915 1318 reverenter
937 1256 1051 1335 aliquos
1073 1257 1214 1335 appellari
1237 1277 1272 1318 ac
1295 1260 1372 1318 orari
1395 1258 1434 1318 ab
1457 1260 1493 1319 iis
1508 1259 1558 1336 qui

263 1359 370 1438 aliquid
394 1358 471 1436 apud
494 1359 655 1436 principem
680 1358 851 1436 captabant,
886 1359 991 1419 deinde
1014 1359 1187 1420 muneribus
1209 1379 1327 1439 ortoque
1355 1360 1432 1436 peti,
1468 1358 1557 1419 rebar

264 1479 365 1521 omnes
387 1462 416 1520 in
439 1459 504 1519 aula
528 1467 753 1521 consuescentes
776 1461 903 1537 potentia
926 1459 1085 1538 plurimum
1108 1460 1220 1529 valere;
1243 1480 1277 1520 ao
1300 1459 1383 1521 facile
1398 1461 1556 1520 audiebam
1568 1475 1588 1512 tt

264 1563 383 1622 cottidie
406 1563 591 1639 increpantes
613 1580 660 1621 me
683 1561 728 1621 lais
752 1561 861 1629 verbis,
886 1561 971 1631 ‘Ouio
995 1571 1024 1622 tu
1048 1563 1078 1621 in
1101 1560 1197 1622 aulam
1219 1568 1248 1621 tc
1272 1564 1405 1629 confers,
1431 1570 1464 1621 ut
1487 1580 1556 1639 pro·

266 1664 360 1723 ‘desse
383 1674 412 1723 et
433 1662 484 1723 tibi
508 1664 601 1740 possis
623 1670 652 1722 et
674 1662 811 1724 omnibus
833 1664 907 1731 tuis,
931 1662 1056 1742 aliquam
1080 1663 1203 1741 adeptus
1226 1664 1432 1740 praefecturam
1454 1663 1555 1723 autad

195 1775 254 1824 §.cu
265 1765 391 1843 ‘aliquod
415 1772 568 1842 promotus
590 1764 717 1823 officium
741 1763 784 1824 vel
807 1762 890 1824 aliter
913 1766 1036 1842 principi
1060 1764 1198 1825 cbarusl'
1221 1763 1287 1834 llis,
1312 1763 1413 1833 Casto,
1438 1765 1556 1844 Syrcni·

264 1867 319 1927 bus
342 1886 409 1927 oum
432 1866 644 1933 occinuisscnt,
668 1884 764 1943 raeque
787 1882 842 1941 ego
865 1865 973 1944 Ulyssis
995 1865 1116 1925 consilio
1139 1884 1206 1926 ccra
1229 1865 1436 1927 obthurassem
1459 1885 1556 1933 aures,
1615 1943 1618 1948 ,

262 1968 491 2029 subvertendum
516 1985 562 2026 me
584 1965 696 2044 praebui
719 1965 860 2044 deceptus
882 1968 987 2035 miser,
1012 1986 1077 2027 cum
1106 1968 1226 2026 minime
1248 1968 1503 2044 praesentiscerent
1527 1970 1554 2027 in
1568 1983 1588 2022 rs

263 2089 328 2149 qum
350 2068 425 2131 vnala
449 2069 506 2129 deo
529 2070 603 2128 irato
626 2087 692 2128 meo
715 2065 912 2144 provolverer.
957 2086 1025 2127 nam
1048 2068 1116 2146 quid
1141 2075 1234 2128 vestes
1256 2068 1424 2156 admirabar
1451 2067 1557 2128 stultns

263 2191 327 2250 quae
350 2179 487 2231 truncum
511 2172 595 2230 etiam
619 2176 724 2228 ornant
747 2176 775 2228 et
797 2170 927 2229 animum
950 2188 1008 2228 vion
1031 2177 1174 2245 amount,
1209 2188 1276 2229 cum
1306 2189 1341 2229 ex
1365 2171 1463 2230 animo
1486 2187 1556 2229 con·

263 2281 319 2332 stet
341 2272 445 2340 homo,
475 2290 531 2332 nec
559 2271 593 2330 ad
618 2289 685 2331 eum
714 2269 821 2348 aliquid
851 2271 995 2348 pertineat
1023 2289 1126 2331 eorum
1154 2288 1219 2349 quae
1248 2272 1377 2331 caterius
1405 2271 1557 2330 adhaerent

263 2374 414 2450 corporii.

193 2487 252 2537 tot.
326 2491 454 2535 cnsrvs.
492 2473 557 2543 Ouo
579 2474 675 2534 minus
696 2471 762 2531 illos
784 2474 846 2533 fero
869 2475 919 2552 qui
934 2473 1069 2534 monachi
1086 2483 1242 2543 vocantur,
1266 2475 1315 2552 qui
1330 2473 1416 2533 nobis
1432 2475 1588 2534 vestiumro

264 2576 456 2638 ostentatione
480 2573 578 2634 volunt
600 2574 800 2633 sanctimoniae
822 2575 988 2652 opinionem
1012 2592 1198 2652 persuasam:
1226 2577 1312 2636 etiam
1337 2577 1399 2653 ipse
1421 2575 1480 2655 boc
1503 2576 1556 2635 lvo·

262 2681 373 2740 minum
397 2693 490 2754 genus
513 2673 595 2735 valdo
617 2675 776 2736 detestatus
799 2683 844 2736 est
866 2676 1016 2744 Christus,
1040 2695 1127 2754 quern
1151 2696 1205 2754 ogo
1229 2677 1317 2737 credo
1339 2694 1406 2737 cum
1422 2678 1452 2736 in
1469 2679 1558 2736 terris

262 2788 339 2841 esset
360 2778 431 2839 nibil
453 2776 536 2836 aliter
558 2784 646 2854 atque
668 2775 739 2837 alios
761 2777 894 2837 homines
917 2778 1046 2838 vestibus
1074 2797 1169 2839 usum.
1216 2778 1245 2838 lvi
1271 2786 1368 2838 autern
1398 2797 1474 2855 qtras
1496 2792 1556 2837 non

180 2946 181 2950 ,
262 2882 443 2944 diversitates
466 2878 649 2957 excogitant?
671 2879 700 2937 in
724 2879 801 2957 quod
824 2899 856 2939 se
879 2897 937 2939 ιιιιιι
961 2888 1125 2939 monstrum
1149 2882 1375 2948 transformant,
1405 2887 1440 2939 nt
1467 2898 1556 2958 qnam

262 2986 387 3045 maxime
410 2980 563 3043 dissimiles
585 2982 660 3040 sinti
693 2982 787 3059 Atque
809 2981 838 3039 in
863 2980 907 3040 bis
936 2979 1014 3041 aliud
1036 2981 1194 3042 Francisco
1222 2981 1343 3060 placuit,
1378 2979 1457 3041 aliud
1480 2981 1588 3042 Ber-es

262 3087 371 3156 nardo,
394 3083 477 3145 aliter
500 3084 592 3143 visum
616 3090 659 3142 cst
682 3081 849 3159 Dominico,
872 3080 957 3142 aliter
979 3082 1051 3143 aliis.

193 3207 252 3256 §.o-a.
325 3205 490 3249 ursnvnvs.
528 3184 630 3262 Neque
657 3182 726 3243 illud
755 3183 888 3244 videbam
917 3185 1025 3246 multos
1053 3181 1100 3247 sic'
1123 3186 1240 3246 vestitos
1267 3183 1402 3262 plurimis
1436 3187 1556 3245 interim

262 3306 364 3365 egere:
388 3294 456 3346 svvnt
477 3286 554 3345 enirn
577 3286 631 3344 ista
654 3302 712 3343 non
736 3304 770 3344 ex
793 3286 1022 3364 ruduscuiusquc
1045 3286 1196 3353 facultate,
1220 3287 1270 3345 sed
1292 3288 1506 3347 consuetudine
1521 3307 1557 3348 ac

262 3387 392 3448 moribus
415 3386 502 3454 aulae,
532 3405 597 3464 qum
620 3384 680 3446 vult
709 3385 842 3445 lrornines
871 3387 1076 3457 iactabundus,
1108 3395 1316 3457 ostentatores,
1352 3387 1497 3464 gloriosos
1521 3408 1556 3450 ac

260 3489 444 3565 anagildum,
468 3489 571 3565 quise
594 3488 674 3546 oanni
696 3487 767 3546 foris
789 3486 998 3564 pulchritudini
1020 3510 1055 3549 ac
1077 3491 1218 3550 veraustati
1246 3489 1446 3558 conforment,
1482 3508 1588 3550 carmon

261 3592 338 3649 intus
360 3587 502 3657 morbidi,
526 3594 692 3647 marcentes
715 3607 749 3648 ac
772 3576 845 3649 mire
867 3591 1008 3650 informes
1030 3593 1101 3659 sint,
1125 3590 1249 3658 similes,
1278 3596 1311 3651 ut
1333 3591 1403 3650 mibi
1425 3590 1554 3659 videtur,

296 3710 321 3716 ..M
332 3709 427 3716 *...-'-
445 3710 456 3716 -

257 3758 395 3818 videmus,
415 3756 464 3806 aed
483 3757 646 3821 optimorum
670 3759 949 3824 gravissimorumque
973 3760 1140 3824 quorundam
1164 3761 1282 3810 virorum
1307 3740 1554 3809 commendationi-

256 3843 307 3892 bus
326 3842 427 3902 fretus,
445 3842 500 3891 imo
519 3856 585 3890 vero
602 3843 742 3907 Principis
760 3845 848 3908 ipsius
866 3844 965 3894 studiis
983 3846 1108 3909 votisque
1128 3844 1266 3909 expetitus
1286 3844 1449 3894 adveneras.
1474 3844 1555 3893 cuius

257 3943 309 3993 ego
334 3927 438 3976 factum
461 3925 576 3976 mirifice
601 3926 683 3977 lorado
701 3912 921 3992 proboque...'’
977 3926 1042 3978 ¹iis
1061 3930 1096 3979 H.
1114 3929 1158 3978 hia
1176 3930 1235 3978 edd.
1293 3925 1411 3992 ¹iisqne
1429 3928 1465 3977 H.
1494 3928 1552 3977 lais-

256 4029 308 4078 que
326 4014 387 4062 edd.
438 4011 557 4060 ⁷.Na1n
575 4012 612 4061 ΙΙ.
665 4011 729 4061 ¹iis
747 4013 783 4061 ΙΙ.
802 4013 917 4063 dtaedd.
971 4012 992 4046 ¹⁰
1010 4015 1070 4063 ..lc
1088 4015 1138 4078 H..
1180 4011 1198 4044 ¹¹
1218 4012 1340 4077 quotidie
1360 4017 1404 4062 13.
1458 4011 1479 4043 ¹⁸
1497 4013 1552 4062 His

256 4114 308 4163 ego
325 4098 385 4147 edd.
405 4111 456 4161 ego
475 4098 525 4146 del.
538 4098 575 4146 n.
646 4094 667 4127 ¹¹
687 4111 760 4145 caera
777 4099 836 4167 edd.
865 4105 965 4162 prretar
983 4102 1026 4147 13.
1045 4114 1144 4154 carnea:
1167 4104 1324 4147 tamencum
1346 4112 1395 4146 aon
1419 4100 1472 4160 ipsi
1486 4100 1552 4146 acra-

254 4191 345 4248 ptorea
366 4183 415 4232 sed
434 4197 523 4246 operae
547 4197 570 4231 ee
595 4197 620 4231 (a
644 4197 659 4230 e
682 4183 862 4245 pemarttorint,
888 4179 953 4232 cera
970 4199 1022 4232 cura
1036 4185 1079 4232 13.
1092 4184 1194 4246 scripsi.
1226 4198 1275 4231 nou
1293 4183 1383 4231 codena
1400 4195 1443 4230 rea
1460 4188 1498 4230 eat
1514 4183 1551 4231 de

253 4270 322 4332 salac
341 4283 386 4317 auu
403 4269 498 4317 litterae
514 4282 532 4329 y
547 4282 598 4331 pro
618 4267 639 4324 i,
658 4266 795 4330 superflum
813 4266 831 4315 h
848 4273 873 4316 et
890 4267 1017 4317 simililiter.
1072 4282 1153 4316 orites
1175 4266 1366 4316 obthurnsscm
1391 4265 1449 4328 (alif
1470 4266 1551 4315 obtu-

255 4352 373 4417 rossem)
392 4353 451 4401 edd.
483 4352 673 4402 obthnraasem
692 4346 766 4414 aurel
777 4353 815 4401 II.
853 4350 1042 4415 (obdurassem
1061 4353 1165 4416 scripsit
1183 4358 1208 4401 et
1225 4355 1356 4400 ueritatem
1378 4357 1404 4399 et
1423 4352 1552 4400 Latinita-

254 4443 302 4484 tem
318 4437 421 4503 pariter
439 4439 572 4501 neptepena
590 4434 646 4500 13.)
698 4433 721 4470 ¹⁰
738 4438 1015 4500 monocentaurum.
1034 4439 1059 4484 5.
1112 4435 1133 4467 ¹¹
1151 4436 1244 4485 Etiam
1263 4437 1468 4500 ipsomestlf.
1488 4447 1550 4484 eum

255 4519 399 4571 hoc...sit
416 4521 474 4569 edd.
528 4519 550 4552 ²¹
568 4521 625 4570 sint
642 4537 692 4585 per
710 4522 802 4569 omnia
820 4522 878 4570 edd.
897 4528 996 4583 prater
1014 4523 1058 4570 13.
1099 4517 1122 4550 ¹⁷
1139 4520 1213 4569 istud
1231 4523 1274 4569 13.
1315 4518 1337 4550 ²¹
1355 4520 1551 4584 uniuscninmp

254 4604 291 4651 H.
309 4602 449 4652 hominum
466 4606 526 4653 edd.
578 4604 600 4636 ¹⁰
619 4606 793 4654 conformant
810 4606 1004 4655 eddeorrdl.
1057 4603 1078 4636 ³¹
1098 4606 1203 4654 simut
1221 4605 1346 4654 rn.v.}I.
1374 4612 1405 4653 ιιι
1423 4621 1457 4656 m.
1472 4620 1497 4654 v.
1511 4605 1550 4653 si-

254 4685 334 4735 miles
351 4688 411 4736 edd.
718 4687 720 4690 ’
