3262 5430
241 25 289 97 92
506 40 570 89 llll.
641 52 778 88 rostras.
815 50 955 87 orscoors
975 46 1189 98 emm,
1273 112 1280 117 „

303 228 456 271 ronrrus.
493 208 529 268 u
552 208 647 285 ipsum
670 205 727 266 boc
748 223 809 266 non
832 205 924 270 rideo.

304 329 476 372 svrreuvs.
514 309 583 369 Siue
606 326 653 368 me
675 307 821 385 inspicere
844 306 962 367 ubisit.

173 426 230 476 tta
304 431 456 473 enervus.
495 409 616 476 Desine,
641 415 728 487 atque
750 407 869 468 binoto
892 427 982 487 ocyus
1004 427 1063 487 quo
1086 425 1165 468 nunc
1187 405 1362 467 eiicicudum
1387 413 1432 466 est
1454 405 1528 466 mibi.

303 531 475 573 mirreavs.
514 510 558 571 Dii
580 509 666 578 boni,
689 527 764 589 quos
785 497 939 587 strepitus,
963 509 1078 588 qualem
1101 509 1349 587 expectationem,
1378 524 1452 584 ques
1472 513 1528 566 tur·

239 613 307 681 bas,
331 631 418 691 spiram
442 612 537 672 varios
559 617 713 689 pectorum
736 616 833 670 molus
854 609 954 679 video,
977 618 1009 671 ut
1031 617 1213 671 concurrunt
1228 627 1408 686 rursumque
1423 609 1544 668 discor-⁸

241 723 311 777 runt
333 714 481 782 bonriues,
504 731 631 791 quorum
654 710 736 771 laetos
758 711 916 790 quosdam,
940 729 1065 772 merore
1088 711 1222 789 pertusos
1244 710 1317 770 alios
1339 710 1504 789 conspicor.

112 810 114 815 ’
173 822 231 872 tlt.
304 835 456 876 roacvus.
494 813 569 886 Ouid
592 812 770 891 bquuntur't
793 832 851 891 quo
874 815 1008 892 pervenit
1030 815 1138 874 iactus?

304 934 476 976 uvrrsuvs.
513 915 546 975 lu
569 911 722 992 Hispanias
743 914 839 976 aridio.

303 1035 456 1078 enervus.
501 1015 575 1085 Quid
600 1015 656 1075 ibi‘t

238 1168 242 1175 .
304 1135 476 1180 uvrrsuvs.
514 1116 618 1176 Carolo
641 1118 757 1178 Austrio
786 1117 822 1178 ad
845 1125 888 1178 tot
902 1134 1071 1195 regnorum
1093 1115 1308 1194 possessionem
1332 1113 1463 1176 deletum
1485 1113 1570 1174 sil-¹⁰

241 1219 299 1281 buc
313 1219 480 1279 llomuuum
502 1219 584 1278 siunt
606 1218 771 1296 imperium.

305 1339 457 1382 coaevus.
484 1318 572 1389 *Quis
588 1319 645 1379 boc
667 1318 746 1379 ilolet
767 1322 882 1381 antemi
1358 1397 1364 1407 ἡ

306 1441 476 1482 m’rrsms.
515 1419 637 1490 Quidam
667 1422 746 1481 iuxta
775 1439 875 1499 reges,
905 1439 1032 1499 quorum
1062 1421 1159 1480 tristes
1188 1419 1271 1480 video
1298 1426 1461 1506 oraturus,¹
1487 1413 1549 1480 sed

243 1524 373 1585 omnium
395 1523 520 1583 unanime
540 1521 692 1583 Romanus
713 1522 859 1601 pontifex,
884 1524 967 1583 cuius
989 1521 1102 1598 legatus
1124 1539 1227 1601 parum
1250 1520 1334 1581 abest
1355 1528 1390 1583 ut
1414 1539 1553 1600 suspen‘

244 1623 353 1684 uat'se.

173 1732 232 1782 tw·
306 1745 458 1787 roarvus.
496 1726 675 1788 Percoutsre
697 1726 818 1805 insuper
840 1743 911 1786 niam
933 1724 1002 1804 qnid
1026 1724 1092 1785 mali
1115 1725 1201 1784 etiam
1224 1723 1372 1784 ceciderit.

304 1847 476 1890 svrrsuvs.
515 1828 659 1887 sociatae
682 1827 780 1887 lerunt
803 1828 831 1887 in
854 1827 995 1893 iliricum,
1019 1824 1161 1903 atque‘ibi
1176 1825 1301 1903 qunrlam
1317 1824 1441 1884 allectus
1457 1824 1564 1885 clade

241 1926 384 1988 barbaros
411 1928 532 2003 insigni,
561 1929 667 1995 atroci,
697 1928 777 1987 siunt
805 1928 934 1989 eiusdem
965 1926 1059 1987 Caroli
1087 1927 1231 2006 auspiciis.
1277 1926 1302 1985 Ο
1331 1926 1444 2002 optima
1474 1923 1560 1984 nori

241 2030 427 2104 inperatoris
450 2029 543 2095 initia,
573 2046 696 2106 ospem
719 2028 784 2088 orbi
808 2028 966 2089 christiano
990 2028 1138 2088 eximiam!
1168 2026 1232 2088 Non
1256 2028 1311 2086 iam
1334 2025 1445 2105 aliquid
1470 2023 1558 2086 boni

241 2128 323 2189 debis
345 2130 430 2189 etism
454 2127 542 2188 mibi?
1624 2122 1631 2129 ’

305 2249 475 2299 roarvua,
496 2228 618 2317 Carolus
640 2229 729 2291 dabit.
802 2219 805 2224 ¹

274 2348 275 2351 ’
302 2351 475 2391 uvrrsuvs.
513 2330 623 2391 lterum
652 2349 752 2410 spem,
784 2334 889 2393 iterum
922 2332 1036 2392 iaceres
1063 2333 1229 2411 principum
1253 2331 1357 2391 obiicis
1379 2330 1473 2392 mibi:
1503 2331 1555 2392 da

242 2430 351 2510 aliquid
374 2439 420 2499 tu:
444 2432 539 2510 siquid
561 2432 610 2492 illo
632 2441 698 2512 post
720 2434 849 2500 dederit.
872 2436 967 2512 ipsum
991 2433 1137 2494 corollarii
1160 2440 1222 2493 esto
1244 2435 1315 2493 vice.

174 2543 233 2593 att.
304 2553 456 2596 roarvus.
494 2534 569 2606 Ouid
593 2535 720 2612 primum
743 2537 785 2595 ris
807 2536 957 2596 omnium?

243 2705 401 2714 *ιω-..-μ
409 2708 425 2712 -.
437 2707 444 2713 .
1609 2700 1614 2770 ἶ

310 2820 330 2852 ’Ἰ
348 2821 463 2871 Carolus
481 2822 513 2871 V.
534 2821 640 2873 electus
664 2828 707 2873 est
731 2828 847 2872 exercute
866 2823 945 2872 Iunio
964 2839 989 2875 a.
1006 2821 1078 2871 1519.
1150 2820 1169 2853 ¹³
1190 2818 1278 2886 reges]
1304 2820 1431 2871 Gallicus
1450 2823 1546 2871 Fran·
1599 2838 1604 2913 V

242 2906 332 2955 eisc-us
352 2905 372 2954 l.
394 2913 421 2953 et
439 2905 572 2971 Anglicus
585 2908 723 2956 chrieus
742 2907 818 2956 Vlll.
844 2908 946 2956 Leonis
959 2908 991 2956 X.
1013 2906 1116 2956 frustra
1135 2913 1232 2955 contra
1250 2905 1379 2955 Carolum
1399 2906 1490 2955 molit-i
1510 2907 1545 2954 in
1589 2936 1598 2986 p

242 2989 417 3037 Germaniam
436 2989 547 3052 legatus
566 2991 638 3039 idem
657 2990 704 3039 ille
723 2989 843 3040 Thomas
862 2991 1022 3051 Caietanus,
1044 2990 1193 3040 cardinalis
1213 2990 1239 3037 S.
1253 2989 1322 3039 sisu
1342 2990 1404 3050 luit,
1425 2991 1473 3054 qui
1493 3007 1541 3040 eo·
1589 2989 1594 3057 l

241 3074 301 3122 dem
318 3088 432 3131 ¹munere
452 3074 507 3122 ism
526 3073 598 3138 apud
617 3075 835 3123 Maximilienum
854 3075 917 3140 imp.
933 3076 1043 3124 iunctus
1062 3075 1162 3124 suerat.
1229 3066 1283 3107 ¹2¹⁸
1302 3073 1380 3123 clade
1401 3073 1544 3123 barbaros
1579 3067 1588 3106 ⁴

243 3140 358 3221 salites
377 3158 417 3206 its
440 3162 568 3206 narratur
592 3157 620 3205 in
643 3156 766 3221 nicolani
793 3155 946 3225 Dartbcllini
970 3159 1023 3207 uiri
1047 3160 1227 3211 enrditissisni
1248 3158 1282 3208 tle
1308 3162 1447 3207 conarentur
1462 3154 1468 3223 Ι
1484 3159 1541 3206 Au·
1579 3113 1585 3199 l

242 3238 339 3306 gunteri
363 3242 499 3290 concinna
523 3238 718 3305 descriptiolne
737 3239 1020 3308 ac-1s.n.xvrrr.14⁰.
1047 3261 1073 3309 p.
1088 3243 1157 3306 atij:
1183 3245 1290 3305 „Pausa
1318 3241 1417 3297 attulit
1433 3243 1539 3307 Hispa·

241 3341 335 3374 norum
354 3326 464 3389 copias,
484 3340 543 3388 quae
563 3325 590 3373 in
608 3325 757 3390 Aplrricam
775 3332 872 3376 contra
890 3328 1082 3378 Aenobarbum
1102 3328 1284 3389 traiecerant,
1305 3325 1413 3376 levibus
1431 3326 1568 3399 praeliis,

242 3424 301 3458 curm
321 3425 354 3458 eo
373 3409 523 3478 corrrmissis
543 3410 583 3458 ita
602 3409 735 3475 paulatim
754 3410 829 3459 illius
847 3413 921 3461 vires
940 3405 1071 3477 fregisse,
1097 3419 1127 3471 ut
1145 3413 1234 3476 ipsum
1253 3427 1313 3460 cnm
1332 3411 1419 3459 fratre
1441 3426 1476 3459 ac
1495 3405 1564 3487 real

241 3493 333 3557 liquiis
353 3493 492 3558 copiarum
511 3499 592 3558 terga
610 3492 718 3544 vertere
737 3496 886 3561 coegerint,
923 3497 950 3546 Is
969 3513 1030 3546 cum
1049 3497 1121 3545 intra
1133 3489 1488 3546 moeniaTremezeniorum
1507 3510 1557 3544 se

241 3579 407 3643 recepisset,
427 3577 474 3626 diu
488 3582 516 3627 et
529 3579 632 3628 acriter
650 3595 666 3627 s
685 3580 786 3630 nostris
804 3577 938 3630 militibus
956 3580 1084 3631 obsessus
1103 3587 1154 3633 est.
1191 3582 1236 3645 qui
1256 3583 1316 3629 cum
1335 3576 1445 3643 longius
1463 3530 1556 3628 obsisti

241 3664 349 3712 dionem
369 3663 441 3713 ferre
461 3679 514 3713 non
534 3670 641 3729 posset,
667 3665 726 3729 ipse
746 3680 800 3714 una
820 3681 880 3715 cum
900 3667 986 3714 fratrc
1007 3681 1040 3715 ac
1059 3665 1156 3715 robore
1175 3664 1291 3715 militum
1311 3678 1379 3728 quos
1397 3664 1473 3713 intre
1492 3679 1537 3713 ar·

242 3765 300 3797 cem
321 3753 479 3813 receperat,
504 3764 554 3814 per
576 3750 711 3812 posticam
736 3756 842 3815 portam
867 3750 938 3800 elsm
962 3767 1089 3816 egressus
1112 3750 1229 3801 salutem
1253 3749 1307 3798 sibi
1331 3748 1399 3813 iuga
1424 3764 1504 3813 comp
1529 3766 1531 3768 ·

241 3849 317 3882 rasse
342 3834 494 3883 arbitratus
513 3840 563 3882 ost.
600 3834 717 3901 Hispani
743 3851 808 3884 uero
832 3835 968 3899 evestigio
988 3850 1080 3884 arcem
1099 3834 1224 3900 aggressi
1243 3833 1270 3887 ui
1289 3838 1436 3898 ceperunt,
1461 3848 1496 3882 co

241 3917 453 3982 mediamqueucle
474 3919 533 3966 elus
551 3919 618 3983 luga
637 3919 858 4005 certioresOlscti
876 3934 938 3968 cum
955 3917 1049 3967 valido
1068 3920 1195 3984 eqruitetu
1212 3917 1351 3983 prosecuti
1365 3923 1438 3967 suat.
1474 3916 1496 3966 C
1524 3914 1526 3917 ’

240 4006 328 4067 terum
346 4002 527 4055 abenobarbus
545 4005 574 4052 in
592 4004 711 4055 transitu
729 4003 848 4054 fluminis
867 4003 1125 4067 supervenientibus
1149 4017 1210 4053 cum
1232 4001 1307 4061 hauri
1331 4006 1391 4052 tuto
1411 4000 1504 4066 effuge

239 4091 346 4148 posset,
367 4101 474 4134 nannum
495 4080 645 4137 conseruit:
665 4094 817 4155 pugnatum
835 4094 878 4136 est
895 4087 1023 4152 utrinque
1043 4088 1159 4147 acriter;
1178 4087 1289 4136 tandem
1308 4101 1369 4136 cum
1387 4086 1477 4136 nostri

240 4168 361 4230 puriores
380 4169 483 4218 virtute
503 4172 619 4221 militum
638 4174 805 4233 evasissent,
825 4171 1025 4226 Aenobarbum,
1038 4186 1098 4222 cum
1118 4172 1202 4235 fratre
1223 4187 1256 4219 ac
1275 4175 1333 4219 toto
1352 4170 1480 4234 equitatu
1503 4172 1505 4175 ’

240 4250 411 4299 terleceruut
430 4253 569 4316 affixaque
589 4269 680 4302 eorum
700 4256 794 4319 capita
812 4255 972 4306 lancearum
992 4254 1166 4306 mucronibus
1185 4269 1245 4304 cum
1258 4254 1376 4304 victorin
1391 4254 1426 4307 ad
1439 4269 1471 4310 ur

240 4332 427 4395 deportarunt.
463 4336 578 4385 Haecin
597 4335 743 4399 Aplirica.”
