3232 5422
262 385 294 434 X.
365 399 658 434 nourroasccvunvc.
729 368 1070 436 crraamovsnvraenrcvs.
1092 387 1184 463 (toro.)
1288 372 1355 444 361

67 553 229 613 suetudine
251 546 493 612 inertissimorum
517 553 666 614 bominum
689 556 908 632 corruptionem
930 555 1075 623 traheret,
1106 575 1200 635 neque
1224 555 1260 633 (id
1275 557 1361 635 *quod

70 652 171 731 debet)
201 673 237 713 eo
264 653 420 731 aliquando
442 653 589 723 tenderet,
619 673 677 732 quo
705 673 763 714 non
794 673 847 732 per
874 655 975 715 indum
1005 663 1034 715 et
1062 657 1281 734 negligentiam,
1309 657 1359 717 sed

73 759 187 813 curam
201 761 230 812 ct
251 752 489 824 scilicitrrdinem,
518 754 649 815 laborem
678 762 706 815 et
727 755 837 833 vigilias
859 759 1036 834 pervenitur.
1082 757 1154 827 Quia
1176 759 1265 832 igitur
1287 764 1430 816 nun-§.tu

49 873 164 931 ¹apuam
188 874 343 919 reversura
366 855 475 916 abeunt
502 863 650 933 tempora,
680 874 776 936 neque
798 860 939 935 optimum
963 858 1041 935 quod
1064 866 1122 925 est,
1153 877 1218 917 cum
1243 861 1362 926 venerit,

48 956 125 1014 sain
142 964 248 1024 manet,
272 956 401 1017 dandum
422 955 462 1015 iiii
485 956 636 1016 consitium
660 964 746 1018 ut‘se
769 966 861 1028 curet,
884 958 1012 1037 neuquid
1035 976 1088 1035 per
1110 959 1185 1033 desif
1208 955 1214 1024 Ι
1238 957 1364 1034 iambi,

75 1057 154 1116 diam
178 1057 317 1135 negligat,
349 1076 408 1135 quo
431 1076 482 1125 nc,
513 1060 625 1136 siquam
649 1058 723 1119 bene
746 1058 872 1119 oblatam
896 1059 951 1120 sibi
973 1060 1158 1120 occasionem
1181 1061 1363 1137 proterruit,

76 1159 186 1218 trustra
209 1159 287 1236 quod
310 1158 380 1218 abiit
402 1165 502 1236 postea
525 1159 693 1238 desyderet;
724 1161 820 1220 omnia
843 1179 913 1221 vero
936 1161 984 1220 sic.
1000 1162 1143 1229 instituat,
1173 1156 1279 1240 nequid
1302 1178 1363 1239 poe-

75 1259 231 1319 nitendum
253 1260 435 1329 admittatur,
467 1268 498 1320 ut
526 1254 659 1338 unapaam‘
684 1263 833 1338 contingat
856 1261 912 1320 boc
934 1262 1012 1339 quod
1035 1263 1063 1321 in
1087 1281 1120 1322 re
1142 1261 1258 1322 militari
1278 1269 1364 1338 turpe

75 1360 160 1420 duxit
183 1360 280 1437 Scipio
302 1362 456 1422 Abioanus
478 1362 591 1429 eiicere,
615 1362 689 1421 ‘Non
712 1361 872 1439 putaram’:
902 1352 969 1422 nain
992 1363 1060 1441 qnid
1083 1365 1112 1423 in
1136 1344 1237 1423 caussa
1254 1368 1260 1437 Ι
1277 1361 1364 1437 ἱζξᾙ·

39 1473 145 1521 messe
162 1458 268 1538 putas,
283 1480 375 1540 quare
398 1466 551 1523 continens
572 1465 628 1522 iam
652 1462 800 1523 biennium
826 1463 852 1522 in
876 1462 997 1523 auribus
1018 1463 1225 1532 iiiiaccubant
1246 1470 1289 1521 tot
1304 1463 1363 1538 epi-

76 1563 177 1638 scopi,
208 1563 263 1621 nisi
285 1561 363 1641 quod
385 1563 440 1622 sibi
463 1570 611 1633 metuunt,
640 1582 752 1642 suoque
774 1565 861 1624 statui
884 1567 1140 1625 commutationem
1162 1564 1169 1633 Ι
1192 1561 1364 1640 mmm·

76 1662 252 1740 praevident,
280 1670 309 1722 et
336 1671 517 1741 cognoscunt
547 1683 579 1724 se
609 1667 720 1742 passim
745 1665 812 1725 odio
842 1684 920 1734 esse,
949 1683 1004 1726 nec
1031 1666 1101 1726 ierri
1130 1666 1237 1726 diutius
1259 1664 1362 1741 possei

75 1765 264 1841 Quapropter
286 1783 353 1824 cum
368 1764 526 1841 eligendus
549 1773 625 1826 esset
646 1765 818 1843 imperator,
841 1768 969 1843 primum
992 1767 1075 1826 valde
1097 1784 1147 1826 oo'·
1169 1762 1177 1832 i
1199 1763 1432 1841 ssttfflgogpfftor.

76 1872 165 1953 nattis
187 1872 230 1944 est
252 1865 312 1925 Leo
335 1865 378 1925 Χ.·
393 1866 535 1943 impedire
557 1866 650 1934 bunc,
679 1874 814 1943 suspecta
843 1867 904 1927 eius
926 1867 1120 1944 proculdubio
1142 1865 1240 1925 indole
1263 1872 1291 1925 et
1313 1883 1364 1942 po-

42 1967 167 2025 ntentia
191 1966 405 2035 animadversa;
434 1967 539 2027 deinde
568 1966 617 2027 ubi
639 1985 672 2037 se
694 1963 782 2027 invito
805 1967 929 2028 eiectum
952 1968 1035 2036 vidit,
1067 1968 1103 2028 ad
1129 1966 1199 2027 alias
1226 1967 1364 2026 continuo

76 2069 168 2127 arteis
196 2068 339 2127 convertit
366 2070 511 2137 animum,
541 2086 647 2145 nempe
669 2070 831 2129 summissis
853 2069 898 2128 bis
920 2071 985 2147 qni,
1016 2069 1093 2147 quod
1118 2070 1242 2136 iaciunt,
1267 2068 1364 2144 perni-

77 2171 155 2228 ciosa
179 2168 351 2238 suaderent,
380 2176 412 2230 ut
439 2188 526 2247 quem
556 2172 717 2246 prevenire
740 2188 798 2229 non
822 2171 963 2247 potuisset
985 2176 1118 2236 euntem,
1148 2169 1173 2228 ci
1197 2169 1383 2227 consistenti·

77 2271 152 2337 iarn,
176 2270 293 2329 incauto
317 2276 344 2329 et
367 2271 524 2347 improviso
548 2271 656 2331 malum
679 2271 762 2331 daret
784 2289 817 2330 ac
839 2289 893 2348 per
915 2272 1043 2348 speciem
1065 2270 1198 2330 amicitiae
1213 2269 1365 2346 inopinan-

76 2378 136 2430 tem
159 2372 348 2449 opprimeret.
637 2437 639 2440 v
1344 2442 1348 2453 Ι

44 2483 68 2519 ²¹¹
142 2492 293 2533 nouraon.
331 2471 395 2531 Non
417 2490 465 2531 me
488 2470 535 2532 ifle
558 2481 654 2532 servet
676 2472 823 2541 Christus,
852 2475 876 2533 si
903 2491 961 2533 non
984 2473 1097 2533 videtur
1121 2471 1264 2551 essehoc
1286 2470 1433 2549 quanto.

76 2574 122 2633 isti
145 2580 299 2644 conantur.

140 2693 343 2735 aamercovs.
380 2674 475 2751 Atque
497 2682 555 2761 est:
578 2693 669 2752 quare
690 2675 747 2737 boc
769 2678 826 2735 iam
842 2676 1032 2736 obtinuerunt
1047 2675 1124 2753 apud
1146 2671 1354 2750 i,0,'¹„⁹„²{⁰2,⁰g,'‘,¹,³ffi⁸

78 2777 173 2845 bunc,
196 2783 229 2834 ut
249 2788 337 2834 nemo
358 2776 560 2851 tempestivius
579 2776 711 2861 accedat,
735 2794 821 2836 nemo
843 2778 872 2835 in
895 2776 1015 2836 auribus
1037 2778 1128 2852 magis
1144 2764 1281 2854 sinatque
1297 2792 1366 2833 ocu-

77 2877 129 2945 lis,
154 2878 302 2936 neminem
331 2875 379 2935 ilie
408 2875 511 2936 evehat
538 2877 638 2945 citius,
666 2880 775 2937 nemini
799 2877 943 2938 bonorem
966 2876 1079 2936 taribus
1102 2877 1249 2943 conterat,
1279 2892 1366 2952 quam

49 2977 197 3038 asinarum
220 2979 311 3056 siquis
333 2985 377 3037 est
399 2978 534 3055 partium.
580 2977 673 3038 Pudet
695 2997 742 3037 me
765 2977 879 3044 dicere,
909 2977 959 3038 sed
981 2985 1079 3035 tamen
1103 2984 1160 3044 est,
1189 2983 1268 3035 totus
1289 2975 1367 3049 regi·

79 3089 127 3139 tur
149 3077 268 3137 iilorum
291 3078 429 3147 arbitrio,
452 3096 548 3157 neque
571 3078 676 3157 aliquid
701 3085 744 3140 est
766 3078 844 3156 quod
867 3097 925 3138 non
948 3079 1074 3155 patiatur
1097 3076 1133 3136 ab
1156 3096 1187 3136 se
1211 3075 1368 3151 impetrare

78 3200 146 3246 eos;
171 3181 258 3239 etiam
282 3180 444 3256 innocentis
467 3179 585 3239 Lutberi
616 3179 832 3241 damnationem
860 3197 969 3256 negare
999 3197 1065 3238 curn
1094 3177 1193 3246 vellet,
1217 3173 1224 3244 Ι
1246 3173 1436 3251 ζξᾞξζξᾱᾛῒ.

78 3281 157 3341 baud
182 3259 385 3357 potuitscum
416 3288 546 3345 erratum
578 3282 647 3339 satis
668 3282 784 3358 inisset,
814 3283 872 3340 imo
900 3280 1028 3341 dedecus
1056 3297 1173 3357 quoque
1194 3279 1284 3339 nimio
1307 3295 1368 3337 am-

77 3379 156 3460 ptius
178 3381 351 3450 admissum,
374 3381 453 3465 quod
476 3399 533 3440 non
557 3381 733 3442 audiendum
756 3383 842 3460 paulo
865 3391 931 3441 ante
954 3380 1258 3459 iniquissimoeorum
1281 3397 1368 3438 suasu

39 3483 225 3543 ³⁴·adductus
247 3483 375 3543 decrevit
397 3489 426 3542 et
448 3482 544 3547 edixit.
590 3482 690 3559 itaque
712 3501 771 3541 non
792 3484 876 3544 video
899 3483 967 3561 quid
991 3489 1080 3542 restet
1102 3481 1137 3540 ad
1159 3499 1303 3541 summam
1326 3481 1368 3539 in-

78 3583 250 3659 dignitatem
274 3570 382 3642 nobis:¹
398 3584 435 3640 ita
459 3585 553 3641 omnis
576 3582 680 3642 modus
703 3584 862 3643 exceditur.
908 3584 980 3644 Nam
1004 3584 1038 3657 ad
1063 3602 1110 3643 me
1132 3584 1265 3662 privatim
1289 3581 1438 3660 quodi-tt.

79 3686 197 3752 attinet,
227 3683 302 3743 ciam
334 3702 382 3742 me
404 3701 462 3742 non
486 3690 530 3742 est
552 3682 630 3742 bunc
652 3665 805 3760 pervagari
827 3686 935 3761 passim
965 3703 1132 3752 rumorem
1162 3703 1213 3744 ne·
1237 3688 1244 3759 Ι
1266 3681 1369 3757 ἒξῗξὲξέξῖ

79 3807 138 3864 quc
162 3784 318 3845 iniibenter
340 3804 355 3844 a
378 3782 462 3843 malis
484 3783 559 3843 maie
587 3783 688 3843 audio:
719 3784 774 3844 boc
798 3786 874 3845 enim
898 3792 942 3845 est
963 3805 1023 3865 quo
1045 3805 1076 3846 se
1098 3784 1228 3862 produnt
1249 3791 1278 3842 ot
1300 3801 1369 3860 ‹prra-

79 3886 123 3946 les
146 3888 203 3945 siut
233 3886 404 3954 ostendunt,
435 3903 502 3944 curn
529 3884 566 3944 de
595 3885 679 3949 bonis
696 3884 869 3966 ,loquuntur
897 3887 981 3946 male.
1026 3885 1133 3964 quibus
1161 3904 1228 3945 cunr
1256 3881 1370 3941 inlustri

33 3987 226 4065 pespropbeta
254 3986 319 4046 dico
343 3986 400 4046 ‘Vae
430 3987 479 4064 qui
506 3984 614 4045 malum
638 3984 732 4045 dicitis
755 3985 881 4055 bonum,
912 3997 941 4046 et
969 3987 1078 4045 bonum
1108 3983 1227 4050 maium,
1250 3977 1258 4046 Ι
1281 3979 1371 4056 ἷίᾞδῗ·

79 4093 225 4165 ponentes
246 4087 384 4159 tenebras
406 4086 517 4154 iucem,
548 4094 576 4146 et
597 4085 692 4146 iucem
715 4087 866 4154 tenebras,
896 4094 1039 4164 ponentes
1068 4103 1200 4145 amarum
1222 4085 1251 4143 in
1275 4081 1370 4150 dulce,

80 4196 109 4247 et
131 4186 219 4247 duice
242 4189 271 4246 in
294 4188 445 4248 amarum'.
491 4186 576 4246 Vides
599 4207 684 4266 quant
710 4205 767 4246 non
790 4194 916 4246 metuam
940 4186 1017 4261 voigi
1040 4183 1242 4244 nunuscnios‘i

143 4308 296 4349 domoon.
334 4278 438 4349 Video:
462 4289 512 4348 sed
536 4306 600 4348 esse
622 4306 689 4365 spes
704 4288 894 4347 restitutionis
908 4288 938 4346 in
954 4285 1057 4345 meiius
1071 4285 1167 4344 istius·
1190 4280 1370 4360 Ιξξξῗζθζζξῗῇζῗ·
1381 4290 1440 4340 §.⁸³³-

80 4389 159 4449 modi
181 4407 282 4449 rerum
307 4389 363 4449 uita
387 4390 500 4466 potest?

146 4574 157 4607 ⁴
176 4575 231 4624 Sed
250 4575 323 4639 fugit
341 4575 457 4634 interea,
478 4574 552 4637 fugit
564 4573 751 4638 inreparabile
765 4578 880 4635 tempus.
900 4572 981 4635 Verg.
997 4570 1096 4635 Georg.
1114 4571 1161 4619 111.
1175 4570 1233 4618 28i.
1254 4569 1371 4618 Oniten.

82 4659 248 4724 x.4ttt.sqq.
285 4659 367 4707 ”Non
381 4655 728 4723 put.]Ci.vol.I.p.400,t·t.
767 4651 1063 4719 ¹¹·¹·nf.vot.1.p.3tn.
1104 4652 1371 4718 ³⁰er.vot.11.p.13.
