3232 5422
325 384 390 432 xl,
444 398 604 433 numerorius.
677 397 815 431 oririoovs
837 398 1020 432 uvr'ruurcvu.
1046 382 1130 446 (istu.)
1296 368 1368 439 377

70 570 152 610 mam
176 553 315 610 virtutum
339 553 486 620 omnium,
511 551 726 620 tortitudinem,
749 558 924 629 pru-stemus
941 569 1009 621 nos,
1032 553 1189 621 iustitium!
1205 549 1440 627 ,ffssfflffiffi‘ssgf'mttt

72 651 195 721 aliums,
218 654 414 712 innocentium
438 653 574 712 tuemur?

139 772 317 814 unnonroe.
356 754 484 832 cogeres
506 771 553 812 me
575 752 671 812 odisse
702 752 835 812 ordinem
863 751 959 821 huuc,
993 760 1158 831 equestrem
1187 773 1256 814 vero
1286 755 1371 814 vitani

74 854 198 915 summis
221 855 328 914 etierre
350 853 499 928 leudibus,
535 855 559 917 si
581 864 610 914 et
632 873 683 913 vos
713 873 747 914 ex
775 854 906 915 instituto
934 855 1083 925 viveretis,
1116 862 1144 915 et
1172 875 1226 915 nos
1248 875 1313 936 quae
1343 859 1371 917 in

53 955 253 1034 vquimisuam
276 955 454 1033 reprehendi
476 961 615 1034 possunt,
644 973 746 1014 omnes
768 934 948 1015 laceremus:
982 974 1061 1016 nuuc
1083 955 1169 1025 libet,
1194 964 1230 1022 ,ut
1252 964 1283 1018 tu
1305 964 1372 1018 ante

75 1044 222 1125 faciebas,
244 1056 395 1134 postulare
417 1056 469 1116 ulis
491 1064 535 1125 te,
565 1076 606 1116 ne
628 1057 823 1135 quorumdam
845 1057 912 1116 vitia
936 1057 963 1116 iu
987 1075 1089 1118 omnes
1111 1059 1153 1118 sic
1176 1058 1371 1135 transfundes,

76 1177 136 1236 quo
158 1176 197 1217 ne
219 1159 268 1217 tint
290 1166 322 1220 ut
344 1158 551 1218 invisiomues
573 1159 664 1217 simus
686 1163 807 1245 proptor
836 1174 961 1234 paucos,
995 1160 1044 1236 qui
1073 1159 1182 1219 sortiunt
1210 1166 1242 1218 ut
1271 1178 1373 1220 omnes

76 1259 158 1336 digni
179 1259 257 1319 malo
279 1260 438 1322 videamur.

140 1381 344 1422 rnuucrscvs.
382 1362 457 1421 Ante
479 1361 538 1421 lroc
559 1363 605 1439 egi
629 1368 661 1421 ut
682 1362 850 1440 exciperem
872 1362 966 1422 honos
988 1379 1062 1439 quos
1083 1362 1112 1421 in
1134 1361 1217 1422 voltis
1231 1380 1297 1422 esse
1314 1379 1373 1423 non

49 1463 197 1538 ronegavi,
221 1482 288 1523 cunr
312 1464 395 1529 tuin
418 1480 520 1523 onmes
542 1461 629 1522 simul
645 1462 764 1542 Equites
786 1465 858 1524 citra
881 1463 1039 1524 discrimen
1054 1463 1249 1525 invehereris:
1273 1451 1371 1525 tamen

75 1564 152 1622 scios
175 1564 253 1641 quod
275 1563 422 1642 reliquum
445 1572 508 1633 est,
537 1583 606 1625 vere
629 1554 685 1625 hoc
709 1565 876 1642 (undeunde
898 1571 1046 1642 sumptum
1071 1552 1124 1642 est)
1156 1566 1227 1634 dici,
1262 1573 1371 1644 (quanto
1486 1634 1489 1638 A

74 1664 206 1742 quidque
229 1665 354 1726 divinius
376 1667 427 1734 sit,
463 1671 543 1729 tanto
572 1664 609 1726 ab
632 1665 757 1727 urbibus
779 1666 894 1743 longius
916 1664 1028 1725 abesse.
1074 1664 1159 1736 Quod
1188 1668 1223 1727 od
1252 1669 1440 1746 rapina-uo.

76 1767 172 1825 tiones
194 1784 263 1832 vero
286 1768 358 1826 istus
379 1769 521 1845 pertinet,
544 1785 604 1826 non
628 1767 711 1828 video
734 1768 804 1845 quid
827 1785 904 1845 sepe
921 1768 1070 1845 contingat
1084 1786 1137 1827 cur
1153 1767 1216 1829 haec
1232 1770 1270 1827 sit
1285 1768 1371 1846 vulgo

74 1867 112 1926 de
135 1867 222 1927 nobis
241 1869 381 1945 suspitio,
405 1867 549 1946 siquidem
572 1875 670 1929 estut
691 1868 777 1935 dicis,
801 1869 856 1928 uisi
878 1868 957 1945 quod
981 1868 1049 1929 dum
1071 1867 1146 1929 bellu
1170 1879 1176 1947 Ι
1199 1867 1373 1946 ἓξῇξῑὶξξέψῑ·

37 1969 225 2046 legerimus,
255 1968 363 2048 aliquid
391 1970 423 2029 iit
445 1986 656 2047 nonnunquam
677 1970 792 2030 licentia
815 1971 869 2029 ista
892 1968 1025 2039 militari,
1056 1970 1133 2048 quod
1162 1964 1248 2033 odi-l
1271 1968 1365 2056 ᾕῇξᾶῗζ,

75 2069 152 2130 biles
182 2069 282 2138 lucian
317 2071 370 2131 sed
400 2089 433 2131 eu
461 2089 558 2150 neque
586 2090 601 2131 a
631 2071 716 2131 nobis
738 2090 834 2150 neque
856 2072 892 2132 ab
916 2070 982 2132 ullis
1004 2070 1066 2131 aliis
1094 2072 1203 2133 frenari
1232 2071 1372 2133 abstinet:

76 2190 247 2250 quanquam
270 2173 367 2232 minus
388 2172 460 2232 nihil
482 2173 587 2233 studeo
610 2192 698 2251 quarn
720 2176 794 2234 vitiis
816 2173 1008 2252 patrocinari,
1038 2180 1067 2234 et
1094 2173 1184 2251 siquis
1207 2173 1373 2235 huiusmodi

76 2274 116 2332 sit
137 2280 170 2333 ut
192 2275 221 2332 in
244 2273 356 2333 clarum
379 2293 473 2352 genus
495 2274 658 2335 deformem
681 2275 767 2335 vitum
796 2283 825 2335 et
839 2273 945 2364 ‚nialus
972 2274 1081 2345 indicat
1108 2294 1219 2345 mores,
1254 2294 1372 2337 accusa·

77 2383 174 2433 torem
196 2393 244 2434 rue
265 2373 311 2434 illi
327 2377 484 2452 proliteor:
508 2382 620 2435 tantum
643 2375 725 2436 abest
747 2384 780 2437 ut
795 2376 933 2437 defensor
949 2394 1013 2436 esse
1028 2376 1122 2437 velim.
1162 2378 1260 2455 itaque
1280 2379 1374 2438 nescit

27 2483 221 2552 ‘sequentum
244 2477 343 2537 oneris
364 2479 507 2538 sustineat
528 2479 577 2556 qui
602 2478 727 2537 maiores
755 2495 824 2538 suos
853 2477 943 2538 rebus
971 2478 1112 2554 preclare
1140 2480 1229 2556 gestis
1251 2484 1259 2553 Ι
1282 2478 1372 2555 ξξξβξξΨ

75 2575 212 2637 illustres
229 2579 329 2639 iactat:
353 2579 408 2639 nisi
430 2578 495 2639 tulis
517 2579 594 2638 enirn
618 2585 663 2639 est
684 2581 747 2656 ipse
769 2586 802 2638 ut
823 2578 860 2639 ab
883 2578 938 2639 illis
960 2596 1019 2639 non
1041 2578 1165 2641 multum
1189 2579 1278 2648 absit,
1301 2580 1373 2640 nihil

76 2696 167 2755 ‘tuam
188 2679 417 2740 instrumentum
439 2680 502 2741 aliis
524 2679 703 2757 percellendi
724 2698 756 2741 se
778 2681 924 2745 ministrat
945 2699 980 2740 ac
1002 2682 1186 2759 vituperandi
1214 2699 1369 2758 argumen-

76 2787 140 2839 tum
163 2762 302 2858 suggerit.
340 2781 451 2853 Quodsi
473 2783 636 2844 rectissime
659 2783 803 2843 viveretur
825 2782 997 2860 utrobique,
1026 2775 1086 2841 non
1114 2800 1217 2860 posses
1238 2783 1441 2860 presentetur.

75 2900 189 2959 negare
211 2901 246 2942 ex
269 2883 334 2942 vitae
355 2885 493 2944 instituto
510 2881 648 2944 meliores
670 2902 733 2943 esse
756 2902 825 2951 uos,
850 2883 928 2962 quod
951 2881 1017 2960 plus
1039 2882 1155 2943 labors-
1177 2900 1185 2968 Ι
1207 2880 1371 2958 ξῗῖξζῖξῗυὶξξξξζ

20 2997 146 3044 :smus
175 3001 210 3042 ac
237 2984 421 3044 innocentius
449 2984 555 3044 alimur
584 2992 613 3045 ct
642 2985 760 3045 desidie
788 2985 885 3044 miuus
916 2983 1150 3061 corrumpendos
1176 3002 1231 3043 nos
1253 2984 1372 3043 doinus:

75 3102 146 3145 uam
178 3085 269 3145 otium
297 3093 436 3171 uest-rum·
460 3088 574 3146 venatio
603 3092 661 3153 est,
692 3105 757 3163 qum
784 3085 874 3146 hehet
900 3087 962 3162 ipsu
992 3083 1103 3144 laboris
1131 3081 1265 3154 eximie!
1288 3104 1374 3139 venno.

76 3186 221 3254 miiitum:
243 3187 365 3265 iusuper
387 3206 451 3247 rem
475 3186 635 3251 militarem
653 3194 826 3256 tractemus,
856 3206 912 3265 quo
936 3186 1169 3263 magnificentius
1191 3186 1198 3255 Ι
1221 3209 1258 3245 u„
1280 3208 1373 3245 nervae..

74 3288 149 3348 nihil
170 3295 216 3349 est
238 3287 368 3367 nihilque
391 3289 427 3348 sd
451 3289 680 3354 conservandam
703 3291 834 3350 omnium
856 3290 934 3354 inter
955 3307 987 3348 se
1010 3295 1039 3348 et
1061 3305 1124 3348 rem
1148 3294 1176 3348 et
1202 3288 1372 3365 dignitatem

75 3390 176 3451 utilius
190 3397 242 3450 aut
257 3391 454 3451 necessarium
470 3392 577 3467 magis:
599 3391 728 3467 pertinet
743 3392 819 3450 euim
835 3392 871 3451 ud
888 3390 1026 3450 tuendam
1042 3390 1237 3469 innocentiam
1254 3398 1282 3452 et
1298 3391 1372 3452 iuiu-

31 3504 68 3547 ao
78 3494 154 3552 riam
179 3490 423 3570 propulsandam,
448 3511 482 3552 ac
504 3490 565 3551 sola
589 3491 719 3552 munium
735 3510 851 3569 semper
867 3512 883 3553 a
899 3493 1022 3551 summis
1038 3499 1066 3551 et
1081 3493 1198 3568 optimis
1214 3491 1291 3552 culta
1309 3493 1370 3552 luit.

121 3613 314 3661 evernuvs.
351 3595 446 3672 Atque
468 3594 558 3670 igitur
580 3592 686 3671 Cyrus,
719 3594 919 3653 sanctissimus
942 3595 1017 3653 iuter
1040 3593 1172 3654 ethnicos
1194 3592 1284 3664 reni
1307 3612 1442 3666 cirus-§.so

76 3697 106 3754 iu
130 3693 339 3772 pulcherrimis
361 3701 391 3754 ct
413 3711 528 3755 summe
550 3694 724 3754 necessariis
744 3695 846 3754 studiis
862 3693 1070 3771 agriculturam
1087 3702 1117 3756 et
1131 3693 1204 3755 mili·
1228 3694 1235 3760 Ι
1258 3692 1373 3769 ἑέῗῇῗῆῗζῗ·

77 3797 149 3861 dum
170 3797 283 3873 posuit,
318 3815 383 3875 quae
406 3796 465 3857 duo
487 3802 547 3856 tota
569 3815 585 3855 u
608 3794 694 3854 nobis
716 3799 771 3856 vitu
796 3803 938 3874 aguntur:
969 3795 1051 3857 Plato
1079 3805 1176 3857 autem
1199 3814 1309 3874 pueros
1331 3795 1373 3853 di·

76 3915 163 3958 seere
185 3914 339 3958 urniorum
360 3899 495 3975 peritiam
517 3897 599 3957 iubet
619 3904 650 3957 et
672 3896 787 3958 adultos
809 3899 906 3958 stetim
929 3896 1038 3958 mditiae
1060 3897 1136 3958 tradi
1150 3897 1300 3974 praecipit.

34 4010 68 4052 ³⁵
141 4017 322 4060 uenosron.
358 3999 459 4060 Potest
480 4001 598 4062 tandem
623 4001 688 4060 linis
710 4017 775 4059 esse
798 3999 920 4067 horum,
950 4006 985 4058 ut
1006 3998 1042 4058 ed
1065 3996 1137 4059 alios
1159 4015 1277 4074 quoque
1299 4013 1374 4072 prie-

77 4101 172 4161 dones
193 4100 400 4163 deveniemus?

144 4354 155 4387 ⁴
173 4353 326 4405 institituto
346 4358 368 4404 t.
427 4352 447 4386 ¹¹
467 4347 578 4420 sumpt]
597 4355 621 4404 E
639 4354 707 4403 Tuo.
722 4351 814 4402 Germ:
826 4350 852 4400 o.
872 4352 954 4413 t,‚neo
969 4350 1100 4401 cohibere
1115 4348 1271 4415 parietibus
1289 4349 1373 4400 deos''

76 4440 155 4506 etc.)?
192 4439 213 4472 '⁸
232 4435 411 4489 iudicetedd.
448 4437 470 4470 ¹⁸
488 4439 670 4489 laboresedd.
711 4437 733 4469 '⁰
752 4436 975 4500 Nobleseeodtipe.
1022 4432 1043 4464 ³¹
1063 4432 1161 4499 Csyrus]
1181 4434 1305 4499 Xenoph.
1319 4433 1370 4484 Oe·

78 4527 211 4576 eunomio.
231 4525 255 4585 t,
268 4533 288 4573 t.
320 4512 467 4585 ,filimirus
485 4521 602 4589 [Κῦρον]
617 4516 671 4588 peip
685 4535 773 4587 φησιν
787 4512 817 4571 ἐν
830 4522 889 4578 τοῖς
901 4517 1061 4576 καλλίστοις
1073 4512 1102 4569 τὲ
1120 4520 1169 4569 καὶ
1182 4509 1373 4583 ἆναγιαιοτά·

77 4625 134 4668 τοις
148 4601 318 4677 ἡγούμενον
335 4600 411 4658 εἶναι
430 4599 618 4673 ἔπιμελήμασι
636 4603 777 4672 γεωργίαν
789 4599 818 4655 τὲ
831 4601 880 4656 καὶ
894 4598 945 4670 τὴν
958 4597 1116 4670 πολεμικὴν
1132 4597 1250 4668 τέχνην,
1267 4594 1375 4653 τούτων

77 4681 250 4760 ἅμφοτὲρων
268 4686 388 4757 ἰσχυροῖς
406 4683 614 4758 ἐπιμελεῖσθαι.
667 4690 689 4722 ⁸³
707 4688 799 4756 Plato]
819 4690 852 4742 de
872 4707 900 4739 ro
920 4707 945 4756 p.
965 4690 1001 4741 11.
1015 4687 1073 4740 374.
1136 4686 1159 4720 ⁸⁴
1176 4687 1275 4738 milito
1294 4691 1318 4738 1.
