3188 5422
260 355 333 424 448
569 343 584 390 ι’
708 382 823 417 leLOGI
844 381 1113 416 Psuvnouvranutcr.

190 541 384 611 tuconiam
411 556 471 595 cum
501 539 634 594 barbaris.
679 539 792 612 proinde
814 557 875 595 caua
898 539 950 594 iam
971 538 1062 594 simus
1085 532 1153 613 tam]
1182 536 1307 592 dissimili
1332 537 1394 593 ritae
1417 537 1545 597 instituto.

257 624 352 699 procul
376 624 483 679 arceruli
506 633 570 679 sunt
592 642 606 679 a
630 624 732 679 nostris
755 624 906 697 mysteriis.
936 613 1022 696 magis
1051 622 1205 696 suspectari
1227 621 1250 676 si
1273 622 1416 677 nesciant:
1446 640 1505 677 nam
1525 623 1545 676 si

258 708 341 765 semel
366 697 547 765 intellex’erint
570 726 666 764 arcana
688 708 771 764 euriae
794 716 913 768 nostrae.
937 709 1063 781 protinus
1086 706 1221 779 evulgant,
1247 714 1275 760 et
1290 707 1385 763 nescio
1402 715 1545 779 quopacto

187 795 195 821 ²
252 793 289 853 ,ad
312 793 374 849 vitia
398 792 622 866 reprehendenda
641 801 705 848 sunt
727 787 917 861 oculatissimi,
941 789 1064 847 'scribunt
1085 790 1355 847 maledicentissimis
1377 791 1412 846 ad
1435 808 1498 846 suos
1518 790 1546 844 li-

257 886 344 941 teras;
367 877 505 933 clamitant
527 878 627 950 passim
650 877 720 951 apud
742 892 792 950 nos
809 894 862 932 non
877 894 936 932 esse
952 877 1042 932 sedem
1057 877 1168 937 Christi,
1193 875 1240 930 sod
1256 876 1392 937 sentinam
1410 874 1562 936 &uanas

257 963 290 1018 de
313 980 355 1018 mc
376 962 530 1035 disputant,
555 979 617 1017 num
641 962 679 1017 sic
701 970 864 1033 assequutus
886 961 1068 1034 pontificium.
1092 961 1131 1016 sic
1154 962 1256 1020 viveus,
1281 959 1486 1033 propontilice
1501 960 1546 1014 sim

258 1047 408 1108 habendus,
437 1053 519 1119 atque
550 1047 586 1101 ita
614 1047 731 1119 primum
753 1046 878 1101 minuunt
900 1046 1114 1121 nostramuapud
1137 1045 1247 1117 ignotos
1270 1044 1427 1099 sanctitatis
1449 1045 1547 1118 opinio·

256 1148 332 1192 nem.
356 1130 437 1186 simul
459 1138 487 1185 et
508 1131 715 1190 authoritatem.
740 1130 786 1203 qui
809 1139 871 1187 ante
886 1131 919 1186 de
934 1130 1014 1186 rrobis
1029 1130 1097 1185 nihil
1112 1131 1266 1191 audierant,
1290 1129 1344 1183 nisi
1361 1130 1436 1202 quod
1452 1129 1545 1183 Christi

190 1216 348 1272 §.uaricem
370 1231 541 1288 gereremus,
571 1224 598 1270 et
620 1216 768 1289 proximam
791 1224 872 1288 atque
894 1215 961 1270 adeo
984 1232 1076 1288 parem
1104 1223 1266 1289 potestatem
1296 1221 1463 1268 teneremus.
1505 1215 1546 1267 lt·

154 1310 157 1315 '
259 1299 305 1373 qui
328 1299 370 1354 bis
392 1316 407 1354 e
430 1299 511 1354 rebus
533 1298 712 1355 intolerabilis
734 1298 855 1356 ecclesiae
878 1298 1037 1356 Christianae
1066 1300 1168 1355 iactura
1197 1299 1334 1354 nascitur:
1363 1298 1570 1371 dispensatio-¹⁰

244 1388 309 1440 'nes
331 1392 359 1439 et
380 1384 523 1456 pauciores
545 1392 573 1439 ct
595 1384 709 1439 minoris
731 1384 884 1446 vendimus:
917 1385 1006 1439 minor
1027 1401 1125 1440 census
1148 1384 1218 1438 redit
1240 1400 1281 1438 ea>
1295 1382 1501 1456 episcopatibus
1522 1391 1546 1436 et

261 1468 420 1524 sacerdotiis
443 1476 471 1523 et
493 1467 622 1532 abbatiis;
646 1460 768 1541 vulgus,
790 1469 812 1523 si
836 1469 900 1541 quid
922 1469 1053 1540 exigitur,
1083 1467 1227 1540 malignius
1249 1468 1310 1529 dat:
1343 1467 1476 1528 breviter,
1503 1483 1546 1521 un-

192 1553 407 1624 §.aerumnaque
434 1554 546 1626 paucior
569 1561 692 1625 quaestus
718 1562 746 1608 et
774 1552 927 1608 steriliores
957 1554 1099 1616 nundinam
1126 1560 1266 1626 postremo
1295 1551 1413 1607 fulmina
1442 1568 1545 1625 quoque

256 1646 351 1693 nostra
374 1637 463 1692 nrinus
486 1656 516 1693 ac
544 1639 632 1693 minus
665 1638 792 1693 horrent:
821 1638 918 1710 quodsi
940 1637 1026 1694 semel
1048 1656 1081 1693 eo
1109 1636 1274 1711 processerit
1301 1636 1432 1698 audacia,
1461 1644 1490 1691 ut
1510 1636 1545 1690 di·

256 1731 319 1778 cant
342 1721 504 1778 sceleratum
526 1721 682 1796 pontificem
704 1722 772 1777 nibll
794 1739 890 1795 agere,
914 1741 944 1778 ac
967 1721 1075 1777 tulmen
1091 1724 1231 1794 urinasque
1253 1722 1481 1794 contempserint,
1501 1729 1570 1776 no·¹⁵

257 1806 298 1861 bis
326 1807 359 1861 ad
390 1786 487 1861 iarnem
514 1806 593 1880 plane
622 1807 734 1862 redierit
761 1824 814 1862 res.
860 1807 958 1879 quodsi
981 1806 1077 1881 procul
1099 1806 1250 1867 alrluerint,
1275 1805 1325 1877 (ita
1348 1806 1487 1878 ingenium
1507 1812 1544 1860 est

201 1894 204 1899 ’
256 1890 446 1963 barbarorum)
474 1891 622 1964 impensius
645 1890 858 1954 venerabuntur,
882 1908 987 1965 nosque
1009 1891 1096 1946 literis
1118 1890 1392 1964 commode'seriptis
1416 1908 1448 1945 en
1472 1889 1542 1945 animi

259 1975 393 2031 sententia
416 1993 472 2031 rem
494 1992 630 2048 geremus.
1314 2001 1317 2006 ·

189 2069 256 2119 aloa.
320 2061 455 2116 Petrus.
492 2061 551 2115 Non
574 2061 676 2134 optime
699 2060 840 2116 uobiscum
869 2061 974 2132 agitur,
1007 2061 1030 2115 si
1054 2061 1115 2115 binc
1138 2059 1238 2134 pendet
1260 2059 1419 2114 authoritas
1442 2066 1541 2133 aposto·

188 2144 191 2151 '
257 2145 320 2207 lica,
346 2154 376 2200 ut
399 2146 451 2200 vita
474 2146 628 2218 ignoretur,
652 2143 807 2201 nesciantur
830 2145 949 2201 technas:
980 2163 1030 2200 nos
1053 2144 1119 2199 nihil
1141 2144 1213 2206 aliud
1237 2143 1417 2216 optabamus,
1440 2143 1496 2198 'uisi
1516 2149 1567 2198 ota

164 2271 172 2283 .
257 2230 390 2286 universis
413 2239 486 2286 esset
507 2230 647 2302 cognitum
670 2229 797 2304 quicquid
821 2228 861 2284 vel
884 2229 911 2284 in
933 2229 1064 2306 colliculis
1087 2246 1246 2301 ageremus,
1276 2236 1360 2301 atque
1385 2228 1423 2283 ita
1445 2229 1541 2283 rlemurn

257 2313 365 2388 plurimi
390 2313 530 2376 flebamus,
560 2315 583 2369 si
611 2332 673 2370 vere
695 2314 917 2370 innotuissemus.
964 2314 1061 2369 Verum
1084 2313 1152 2368 illud
1174 2312 1283 2386 expedi,
1314 2312 1384 2368 adeo
1408 2312 1540 2384 religiosos

257 2398 394 2472 principes
416 2416 488 2455 nunc
510 2398 590 2454 hahet
613 2398 743 2460 mundus,
774 2407 902 2471 tantaque
932 2407 974 2453 est
1002 2399 1073 2472 apud
1102 2398 1166 2453 illos
1196 2397 1369 2470 sacerdotum
1393 2395 1538 2454 reverentia.

259 2491 288 2538 ut
311 2483 343 2538 ad
367 2483 461 2545 unius,
484 2493 565 2556 atque
588 2484 655 2541 adeo
679 2483 740 2538 talis
763 2484 912 2553 nutumad
936 2501 1010 2538 arma
1031 2482 1220 2539 descenderint
1243 2480 1385 2537 universi?
1409 2499 1470 2537 nam
1482 2478 1538 2535 meis

258 2567 367 2640 quidem
390 2567 559 2642 temporibus
582 2569 631 2624 hos
654 2568 962 2630 infestissimoshostes
985 2567 1161 2642 patiebamur.
1544 2571 1561 2610 ²³

190 2655 257 2704 l·¹⁰³.
322 2651 442 2717 lulius.
480 2651 614 2719 Quantum
637 2653 668 2708 ad
692 2641 772 2709 vitant
794 2653 906 2714 attinet,
937 2670 991 2708 nou
1015 2661 1078 2708 sunt
1100 2651 1243 2707 admodum
1266 2651 1456 2725 superstitiosi
1476 2646 1538 2703 ulri-

257 2736 351 2792 stiani:
382 2754 432 2792 nos
455 2737 534 2810 plane
556 2745 733 2815 contemnunt
755 2755 786 2794 ac
808 2755 859 2811 pro
881 2738 1052 2811 nugamentis
1075 2737 1190 2796 lrabeat,
1218 2735 1271 2790 nisi
1294 2736 1369 2808 qood
1393 2735 1493 2808 aliquot
1512 2748 1537 2786 er

256 2822 299 2877 his
322 2822 485 2877 inllrmioros
507 2821 632 2877 nonnihil
655 2830 779 2878 nretuuut
803 2821 949 2879 terrificum
973 2821 1038 2877 illud
1054 2820 1158 2876 lulmen
1174 2820 1478 2881 excommunicationis;
1497 2833 1536 2871 noe

256 2906 283 2961 hi
308 2915 395 2962 tamen
419 2906 529 2980 perinde
552 2924 581 2962 re
604 2914 686 2980 atque
710 2906 838 2980 opinione
860 2914 1071 2962 commoventur.
1116 2913 1180 2961 saut
1207 2905 1254 2978 qui
1286 2912 1399 2961 nostras
1423 2921 1485 2977 opes
1503 2898 1536 2955 ul

256 3000 367 3064 sperant
394 2990 435 3046 vel
463 2998 602 3052 metuunt,
631 3009 720 3064 eoque
742 2990 866 3047 nonnihil
894 3000 996 3047 nostrae
1026 2991 1152 3046 delerent
1179 2989 1358 3052 authoritati:
1390 2986 1559 3062 quibusdamtt

257 3093 431 3149 persuasum,
464 3078 560 3149 ingens
582 3076 693 3149 aliquod
717 3076 896 3132 infortunium
918 3093 1028 3132 manere
1056 3076 1107 3131 hos
1129 3074 1176 3148 qui
1200 3073 1391 3130 sacerdotibus
1414 3070 1537 3146 qualibus·

189 3167 369 3233 luctumque
392 3161 534 3233 negocium
558 3161 710 3223 lacessunt;
744 3177 838 3216 omnes
860 3162 959 3222 lerme,
991 3169 1021 3216 ut
1042 3168 1107 3215 sunt
1127 3158 1243 3215 civiliter
1272 3158 1397 3219 edueati,
1428 3151 1536 3213 nonnihil

256 3245 381 3301 tribuunt
403 3244 578 3308 ceremoniis,
609 3245 761 3318 praesertim
782 3263 798 3300 a
821 3245 900 3305 nobis
928 3245 1082 3319 provocati:
1111 3261 1172 3298 uam
1194 3242 1359 3299 ceremoniae
1381 3260 1431 3298 ceu
1454 3237 1537 3296 labala

256 3329 379 3401 quedam
402 3329 483 3403 vulgo
505 3331 618 3391 dantur:
647 3339 767 3386 ceterum
796 3347 840 3385 res
870 3330 978 3384 interim
1001 3329 1074 3385 serio
1097 3328 1196 3401 agitur.
1240 3344 1292 3382 nos
1316 3326 1380 3382 illos
1403 3322 1537 3398 magnificis

257 3412 345 3468 titulis
376 3414 549 3477 decoramus,
585 3413 691 3470 etiamsi
724 3414 779 3469 sint
812 3413 1029 3470 sceleratissimi:
1060 3414 1133 3469 hunc
1161 3396 1343 3467 ‘catholicum'
1371 3409 1558 3485 appellantes

255 3495 331 3555 illurn
356 3499 583 3561 ‘serenissimum',
612 3497 694 3555 aliurn
718 3492 958 3560 illustrissimum,
990 3497 1072 3554 alium
1096 3496 1280 3570 ‘Augustum¹;
1309 3512 1407 3552 omnes
1431 3493 1537 3550 ‘dilectos

255 3577 334 3637 filios‘
356 3582 533 3639 nominamus.
577 3582 616 3638 illi
639 3583 756 3639 vicissim
778 3600 829 3638 nos
852 3583 1045 3639 ‘sanctissimos
1067 3580 1218 3656 patres'iu
1246 3580 1305 3635 suis
1333 3579 1424 3636 lite'ris
1446 3582 1536 3639 rocanb

256 3673 284 3721 et
306 3666 452 3743 aliquoties
474 3668 506 3723 ad
529 3668 621 3725 escula
643 3669 741 3741 pedum
764 3685 793 3723 se
815 3667 995 3730 submittunt:
1024 3676 1051 3723 et
1081 3666 1126 3721 uhi
1149 3682 1204 3722 non
1226 3663 1342 3720 multum
1365 3664 1471 3736 negotii
1490 3675 1537 3714 ver·

256 3750 339 3813 titur,
361 3751 460 3808 cedunt
482 3769 677 3825 nonnunquam
698 3752 859 3807 authoritati
882 3760 1001 3813 nostrae,
1025 3769 1079 3825 quo
1102 3750 1153 3807 sihi
1176 3749 1286 3823 pietatis
1303 3748 1462 3822 opinionem
1476 3742 1534 3818 apud

187 3835 359 3909 §.tltvulgus
382 3844 486 3910 parent.
517 3854 569 3892 uos
591 3836 645 3891 illis
667 3854 745 3892 rosas
768 3837 899 3892 mittimus
922 3844 1102 3897 consecratas,
1127 3835 1223 3895 tiaras,
1247 3832 1371 3906 gladios,
1396 3841 1425 3888 et
1440 3832 1556 3887 illoruntl

255 3921 415 3993 dignitatem
438 3921 560 3977 maximis
582 3919 664 3977 bullis
685 3920 889 3984 confirmamus,
912 3919 953 3975 illi
975 3921 1091 3977 vicissim
1114 3919 1226 3975 mittunt
1248 3935 1349 3991 equos,
1374 3916 1479 3977 milites,
1499 3928 1535 3986 pe

255 4006 376 4068 cuniam',
400 4023 594 4080 nonnunquam
617 4023 732 4079 pueros,
754 4014 838 4079 atque
861 4006 905 4065 ita,
920 4014 1045 4061 mutuum
1066 4003 1150 4078 [quod
1173 4001 1259 4074 aiunt)
1282 4001 1350 4058 muli
1373 4001 1492 4058 scabunt.

323 4187 578 4239 ¹iamorm's.5.15.
632 4186 877 4239 ⁵Clsmant5.!5.
941 4184 1021 4251 ⁶sic]
1041 4174 1079 4247 sit
1097 4189 1122 4235 1.
1175 4186 1285 4235 vinens:
1306 4185 1423 4246 nupt.
1478 4179 1534 4226 'tl

196 4323 202 4328 ,
256 4269 317 4337 que]
337 4278 367 4322 et
380 4275 403 4321 1.
434 4274 471 4323 Aa
479 4261 523 4322 ¹10.
570 4272 705 4321 minuerat
722 4274 765 4325 tiu.
818 4271 1052 4320 tribuentem
1076 4269 1139 4320 nob.
1166 4268 1267 4319 auda
1322 4285 1348 4321 a.
1367 4267 1437 4319 nihil
1450 4266 1532 4315 deno·

253 4355 297 4405 bis
322 4356 383 4406 aud.
409 4360 537 4421 2.3.8.11.
585 4354 659 4421 ante]
680 4372 713 4406 ac
732 4360 756 4406 1.
788 4356 882 4407 adhue
898 4359 937 4405 10.
969 4361 1054 4405 antea
1071 4358 1112 4404 11.
1170 4353 1295 4418 ”parem
1313 4353 1375 4403 Deo
1394 4347 1532 4402 maall-

255 4437 314 4489 ¹⁰e
343 4443 412 4490 omis.
431 4445 505 4491 5.15.
575 4439 772 4491 intollerabilis
796 4445 837 4491 11.
908 4438 925 4471 ¹¹
945 4441 1061 4504 paucior
1079 4442 1151 4488 LIO.
1193 4439 1305 4502 parcior
1323 4431 1529 4487 2.3.5.8.11-15·

260 4521 281 4555 ¹⁴
299 4527 487 4604 processerint
510 4525 637 4576 audaciae
655 4529 680 4575 2.
750 4525 919 4589 processerit
942 4525 1068 4576 audaciae
1093 4525 1265 4594 caunas.
1335 4520 1357 4552 ¹⁷
1375 4512 1528 4579 nostriset

254 4604 275 4636 ¹⁹
293 4608 436 4658 uobiscum
454 4613 579 4662 aean.
636 4608 659 4641 ²¹
678 4609 790 4673 expedit
809 4612 850 4659 15.
902 4606 925 4639 ²⁸
943 4608 1136 4672 superstitioso
1154 4610 1181 4656 2.
1227 4604 1254 4657 2³!
1275 4601 1345 4671 aliiqt
1364 4609 1387 4654 1.
1444 4596 1527 4649 ‘laub

254 4691 353 4740 mitunt
372 4696 395 4743 1.
458 4691 481 4725 ⁴⁰
498 4698 595 4757 patent
613 4697 638 4743 1.
701 4690 723 4724 ⁴²
742 4699 769 4743 et
787 4694 1102 4757 pueros2.3>5.8.11.15.
1139 4692 1178 4740 De
1197 4706 1340 4754 puerorum
1353 4690 1403 4740 adli
1418 4690 1526 4738 morem
