<?xml version="1.0" encoding="UTF-8"?>
<!DOCTYPE html PUBLIC "-//W3C//DTD XHTML 1.0 Transitional//EN"
    "http://www.w3.org/TR/xhtml1/DTD/xhtml1-transitional.dtd">
<html xmlns="http://www.w3.org/1999/xhtml" xml:lang="en" lang="en">
 <head>
  <title>
</title>
<meta http-equiv="Content-Type" content="text/html;charset=utf-8" />
  <meta name='ocr-system' content='tesseract 3.04.00' />
  <meta name='ocr-capabilities' content='ocr_page ocr_carea ocr_par ocr_line ocrx_word'/>
</head>
<body>
  <div class='ocr_page' id='page_1' title='image "./ulrichihuttenie05huttgoog/ulrichihuttenie05huttgoog_0419.png"; bbox 0 0 3188 5422; ppageno 0'>
   <div class='ocr_carea' id='block_1_1' title="bbox 233 373 1325 445">
    <p class='ocr_par' dir='ltr' id='par_1_1' title="bbox 233 373 1325 445">
     <span class='ocr_line' id='line_1_1' title="bbox 233 373 1325 445; baseline -0.005 -9"><span class='ocrx_word' id='word_1_1' title='bbox 233 373 306 441; x_wconf 79' lang='grc'>414</span> <span class='ocrx_word' id='word_1_2' title='bbox 433 386 495 434; x_wconf 85' lang='lat' dir='ltr'>Xll.</span> <span class='ocrx_word' id='word_1_3' title='bbox 565 401 710 435; x_wconf 72' lang='lat' dir='ltr'>tarvisius.</span> <span class='ocrx_word' id='word_1_4' title='bbox 782 400 921 435; x_wconf 74' lang='lat' dir='ltr'>nratoovs</span> <span class='ocrx_word' id='word_1_5' title='bbox 940 400 1116 435; x_wconf 80' lang='lat' dir='ltr'>uvrrsurcva</span> <span class='ocrx_word' id='word_1_6' title='bbox 1146 385 1325 445; x_wconf 64' lang='lat' dir='ltr'>(rosrvuvsj.</span> 
     </span>
    </p>
   </div>
   <div class='ocr_carea' id='block_1_2' title="bbox 123 537 1594 4503">
    <p class='ocr_par' dir='ltr' id='par_1_2' title="bbox 123 537 1594 4503">
     <span class='ocr_line' id='line_1_2' title="bbox 163 537 1521 630; baseline 0.001 -21"><span class='ocrx_word' id='word_1_7' title='bbox 163 554 313 616; x_wconf 67' lang='lat' dir='ltr'>casnedo</span> <span class='ocrx_word' id='word_1_8' title='bbox 340 537 469 614; x_wconf 90' lang='lat' dir='ltr'>contudi.</span> <span class='ocrx_word' id='word_1_9' title='bbox 515 553 631 615; x_wconf 78' lang='lat' dir='ltr'><strong>Interea</strong></span> <span class='ocrx_word' id='word_1_10' title='bbox 668 554 855 614; x_wconf 79' lang='lat' dir='ltr'>machinante</span> <span class='ocrx_word' id='word_1_11' title='bbox 883 553 962 614; x_wconf 90' lang='lat' dir='ltr'>illinc</span> <span class='ocrx_word' id='word_1_12' title='bbox 992 554 1082 614; x_wconf 80' lang='lat' dir='ltr'>tratre</span> <span class='ocrx_word' id='word_1_13' title='bbox 1104 552 1217 622; x_wconf 84' lang='lat' dir='ltr'>Flavio,</span> <span class='ocrx_word' id='word_1_14' title='bbox 1248 552 1420 630; x_wconf 83' lang='lat' dir='ltr'>lguiomero</span> <span class='ocrx_word' id='word_1_15' title='bbox 1448 551 1521 611; x_wconf 88' lang='lat' dir='ltr'>domi</span> 
     </span>
     <span class='ocr_line' id='line_1_3' title="bbox 231 651 1522 734; baseline -0.004 -18"><span class='ocrx_word' id='word_1_16' title='bbox 231 657 414 725; x_wconf 81' lang='lat' dir='ltr'>connivente,</span> <span class='ocrx_word' id='word_1_17' title='bbox 438 655 579 733; x_wconf 78' lang='lat' dir='ltr'>flagitiosa</span> <span class='ocrx_word' id='word_1_18' title='bbox 602 655 677 715; x_wconf 84' lang='lat' dir='ltr'>laeta</span> <span class='ocrx_word' id='word_1_19' title='bbox 700 651 853 733; x_wconf 77' lang='lat' dir='ltr'>a&#39;Segeste</span> <span class='ocrx_word' id='word_1_20' title='bbox 875 656 1008 715; x_wconf 82' lang='lat' dir='ltr'>transitio</span> <span class='ocrx_word' id='word_1_21' title='bbox 1032 664 1086 722; x_wconf 91' lang='lat' dir='ltr'>est,</span> <span class='ocrx_word' id='word_1_22' title='bbox 1110 673 1167 734; x_wconf 90' lang='lat' dir='ltr'>qua</span> <span class='ocrx_word' id='word_1_23' title='bbox 1190 655 1323 715; x_wconf 76' lang='lat' dir='ltr'>nefarius</span> <span class='ocrx_word' id='word_1_24' title='bbox 1340 653 1522 732; x_wconf 82' lang='lat' dir='ltr'>proditurus</span> 
     </span>
     <span class='ocr_line' id='line_1_4' title="bbox 231 755 1522 835; baseline -0.005 -17"><span class='ocrx_word' id='word_1_25' title='bbox 231 758 296 818; x_wconf 81' lang='lat' dir='ltr'>uttae</span> <span class='ocrx_word' id='word_1_26' title='bbox 319 757 437 835; x_wconf 91' lang='lat' dir='ltr'>quidem</span> <span class='ocrx_word' id='word_1_27' title='bbox 459 776 535 825; x_wconf 80' lang='lat' dir='ltr'>sum,</span> <span class='ocrx_word' id='word_1_28' title='bbox 560 757 741 817; x_wconf 74' lang='lat' dir='ltr'>uxori-mear</span> <span class='ocrx_word' id='word_1_29' title='bbox 763 764 793 816; x_wconf 90' lang='lat' dir='ltr'>et</span> <span class='ocrx_word' id='word_1_30' title='bbox 815 757 910 817; x_wconf 90' lang='lat' dir='ltr'>eidem</span> <span class='ocrx_word' id='word_1_31' title='bbox 933 757 1061 832; x_wconf 70' lang='lat' dir='ltr'>gravidae</span> <span class='ocrx_word' id='word_1_32' title='bbox 1083 758 1229 835; x_wconf 87' lang='lat' dir='ltr'>pepercit,</span> <span class='ocrx_word' id='word_1_33' title='bbox 1260 755 1312 815; x_wconf 87' lang='lat' dir='ltr'>sed</span> <span class='ocrx_word' id='word_1_34' title='bbox 1342 762 1372 814; x_wconf 91' lang='lat' dir='ltr'>et</span> <span class='ocrx_word' id='word_1_35' title='bbox 1401 755 1476 814; x_wconf 89' lang='lat' dir='ltr'>banc</span> <span class='ocrx_word' id='word_1_36' title='bbox 1496 761 1522 812; x_wconf 78' lang='lat' dir='ltr'>et</span> 
     </span>
     <span class='ocr_line' id='line_1_5' title="bbox 231 855 1573 938; baseline -0.004 -20"><span class='ocrx_word' id='word_1_37' title='bbox 231 859 303 919; x_wconf 85' lang='lat' dir='ltr'>alias</span> <span class='ocrx_word' id='word_1_38' title='bbox 334 859 475 938; x_wconf 90' lang='lat' dir='ltr'>quasdam</span> <span class='ocrx_word' id='word_1_39' title='bbox 504 857 620 918; x_wconf 81' lang='lat' dir='ltr'>nobiles</span> <span class='ocrx_word' id='word_1_40' title='bbox 648 858 782 918; x_wconf 73' lang='lat' dir='ltr'>feminas</span> <span class='ocrx_word' id='word_1_41' title='bbox 810 860 839 932; x_wconf 87' lang='lat' dir='ltr'>iq</span> <span class='ocrx_word' id='word_1_42' title='bbox 867 857 1035 935; x_wconf 89' lang='lat' dir='ltr'>pudendam</span> <span class='ocrx_word' id='word_1_43' title='bbox 1060 875 1164 918; x_wconf 86' lang='lat' dir='ltr'>secum</span> <span class='ocrx_word' id='word_1_44' title='bbox 1193 858 1393 934; x_wconf 85' lang='lat' dir='ltr'>captivitatem</span> <span class='ocrx_word' id='word_1_45' title='bbox 1428 864 1456 915; x_wconf 87' lang='lat' dir='ltr'>et</span> <span class='ocrx_word' id='word_1_46' title='bbox 1487 855 1521 913; x_wconf 91' lang='lat' dir='ltr'>ad</span> <span class='ocrx_word' id='word_1_47' title='bbox 1569 925 1573 930; x_wconf 8' lang='lat' dir='ltr'>q</span> 
     </span>
     <span class='ocr_line' id='line_1_6' title="bbox 162 957 1537 1039; baseline -0.002 -23"><span class='ocrx_word' id='word_1_48' title='bbox 162 967 180 1016; x_wconf 83' lang='lat' dir='ltr'>t.</span> <span class='ocrx_word' id='word_1_49' title='bbox 188 970 224 1012; x_wconf 70' lang='lat' dir='ltr'>tt:</span> <span class='ocrx_word' id='word_1_50' title='bbox 231 961 415 1039; x_wconf 82' lang='lat' dir='ltr'>triumphum</span> <span class='ocrx_word' id='word_1_51' title='bbox 430 960 553 1020; x_wconf 80' lang='lat' dir='ltr'>Romam</span> <span class='ocrx_word' id='word_1_52' title='bbox 576 958 707 1019; x_wconf 83' lang='lat' dir='ltr'>abduxit.</span> <span class='ocrx_word' id='word_1_53' title='bbox 751 958 823 1020; x_wconf 91' lang='lat' dir='ltr'>ltem</span> <span class='ocrx_word' id='word_1_54' title='bbox 840 960 1010 1038; x_wconf 72' lang='lat' dir='ltr'>Segimerus</span> <span class='ocrx_word' id='word_1_55' title='bbox 1032 978 1100 1020; x_wconf 91' lang='lat' dir='ltr'>cum</span> <span class='ocrx_word' id='word_1_56' title='bbox 1122 957 1181 1019; x_wconf 86' lang='lat' dir='ltr'>tilio</span> <span class='ocrx_word' id='word_1_57' title='bbox 1203 958 1335 1037; x_wconf 75' lang='lat' dir='ltr'>perfugit</span> <span class='ocrx_word' id='word_1_58' title='bbox 1357 959 1395 1018; x_wconf 93' lang='lat' dir='ltr'>ad</span> <span class='ocrx_word' id='word_1_59' title='bbox 1411 958 1537 1024; x_wconf 62' lang='lat' dir='ltr'>bostiam</span> 
     </span>
     <span class='ocr_line' id='line_1_7' title="bbox 126 1053 1521 1139; baseline -0.005 -17"><span class='ocrx_word' id='word_1_60' title='bbox 126 1086 128 1091; x_wconf 65' lang='grc'>’</span> <span class='ocrx_word' id='word_1_61' title='bbox 231 1061 315 1122; x_wconf 91' lang='lat' dir='ltr'>multi</span> <span class='ocrx_word' id='word_1_62' title='bbox 338 1061 567 1121; x_wconf 88' lang='lat' dir='ltr'>domesticorum</span> <span class='ocrx_word' id='word_1_63' title='bbox 590 1062 713 1138; x_wconf 88' lang='lat' dir='ltr'>pecunia</span> <span class='ocrx_word' id='word_1_64' title='bbox 736 1053 875 1139; x_wconf 86' lang='lat' dir='ltr'>corrupti</span> <span class='ocrx_word' id='word_1_65' title='bbox 892 1061 1011 1129; x_wconf 84' lang='lat' dir='ltr'>insidias</span> <span class='ocrx_word' id='word_1_66' title='bbox 1033 1062 1097 1120; x_wconf 76' lang='lat' dir='ltr'>vitae</span> <span class='ocrx_word' id='word_1_67' title='bbox 1112 1079 1186 1121; x_wconf 76' lang='lat' dir='ltr'>mem</span> <span class='ocrx_word' id='word_1_68' title='bbox 1201 1067 1451 1126; x_wconf 76' lang='lat' dir='ltr'>construxeruut3</span> <span class='ocrx_word' id='word_1_69' title='bbox 1473 1075 1521 1135; x_wconf 87' lang='lat' dir='ltr'>po-</span> 
     </span>
     <span class='ocr_line' id='line_1_8' title="bbox 231 1159 1520 1243; baseline -0.002 -22"><span class='ocrx_word' id='word_1_70' title='bbox 231 1162 378 1241; x_wconf 89' lang='lat' dir='ltr'>pularium</span> <span class='ocrx_word' id='word_1_71' title='bbox 401 1180 459 1222; x_wconf 94' lang='lat' dir='ltr'>non</span> <span class='ocrx_word' id='word_1_72' title='bbox 483 1159 555 1222; x_wconf 91' lang='lat' dir='ltr'>nulli</span> <span class='ocrx_word' id='word_1_73' title='bbox 577 1161 691 1222; x_wconf 86' lang='lat' dir='ltr'>hostilia</span> <span class='ocrx_word' id='word_1_74' title='bbox 714 1164 811 1223; x_wconf 87' lang='lat' dir='ltr'>omnia</span> <span class='ocrx_word' id='word_1_75' title='bbox 828 1162 992 1223; x_wconf 87' lang='lat' dir='ltr'>machinati</span> <span class='ocrx_word' id='word_1_76' title='bbox 1015 1170 1098 1230; x_wconf 90' lang='lat' dir='ltr'>sunt,</span> <span class='ocrx_word' id='word_1_77' title='bbox 1121 1161 1335 1239; x_wconf 80' lang='lat' dir='ltr'>Adgandestrio</span> <span class='ocrx_word' id='word_1_78' title='bbox 1360 1159 1444 1243; x_wconf 60' lang='lat' dir='ltr'>Qtto</span> <span class='ocrx_word' id='word_1_79' title='bbox 1470 1162 1520 1219; x_wconf 91' lang='lat' dir='ltr'>im·</span> 
     </span>
     <span class='ocr_line' id='line_1_9' title="bbox 205 1242 1520 1341; baseline -0.002 -18"><span class='ocrx_word' id='word_1_80' title='bbox 205 1242 213 1253; x_wconf 59' lang='lat'><em>⁷</em></span> <span class='ocrx_word' id='word_1_81' title='bbox 232 1266 334 1341; x_wconf 89' lang='lat' dir='ltr'>primis</span> <span class='ocrx_word' id='word_1_82' title='bbox 356 1264 430 1324; x_wconf 86' lang='lat' dir='ltr'>adeo</span> <span class='ocrx_word' id='word_1_83' title='bbox 453 1262 523 1322; x_wconf 90' lang='lat' dir='ltr'>nibil</span> <span class='ocrx_word' id='word_1_84' title='bbox 536 1282 605 1323; x_wconf 85' lang='lat' dir='ltr'>uon</span> <span class='ocrx_word' id='word_1_85' title='bbox 627 1271 812 1341; x_wconf 88' lang='lat' dir='ltr'>pertentante</span> <span class='ocrx_word' id='word_1_86' title='bbox 834 1271 881 1333; x_wconf 92' lang='lat' dir='ltr'>ut,</span> <span class='ocrx_word' id='word_1_87' title='bbox 905 1265 1067 1334; x_wconf 86' lang='lat' dir='ltr'>inauditum</span> <span class='ocrx_word' id='word_1_88' title='bbox 1090 1262 1137 1323; x_wconf 89' lang='lat' dir='ltr'>illa</span> <span class='ocrx_word' id='word_1_89' title='bbox 1164 1270 1339 1340; x_wconf 76' lang='lat' dir='ltr'>tempestate</span> <span class='ocrx_word' id='word_1_90' title='bbox 1362 1263 1520 1322; x_wconf 78' lang='lat' dir='ltr'>Germania</span> 
     </span>
     <span class='ocr_line' id='line_1_10' title="bbox 163 1363 1519 1444; baseline 0 -22"><span class='ocrx_word' id='word_1_91' title='bbox 163 1364 343 1432; x_wconf 70' lang='lat' dir='ltr'>§.tv-scelus,</span> <span class='ocrx_word' id='word_1_92' title='bbox 366 1383 511 1426; x_wconf 88' lang='lat' dir='ltr'>venenum</span> <span class='ocrx_word' id='word_1_93' title='bbox 534 1384 549 1424; x_wconf 93' lang='lat' dir='ltr'>a</span> <span class='ocrx_word' id='word_1_94' title='bbox 572 1366 711 1425; x_wconf 86' lang='lat' dir='ltr'>llomauis</span> <span class='ocrx_word' id='word_1_95' title='bbox 734 1384 792 1444; x_wconf 89' lang='lat' dir='ltr'>quo</span> <span class='ocrx_word' id='word_1_96' title='bbox 815 1385 862 1427; x_wconf 90' lang='lat' dir='ltr'>me</span> <span class='ocrx_word' id='word_1_97' title='bbox 878 1367 1044 1429; x_wconf 26' lang='lat' dir='ltr'>*conficeret</span> <span class='ocrx_word' id='word_1_98' title='bbox 1066 1366 1191 1443; x_wconf 89' lang='lat' dir='ltr'>petierit.</span> <span class='ocrx_word' id='word_1_99' title='bbox 1221 1365 1303 1442; x_wconf 53' lang='lat' dir='ltr'>⁴lpse</span> <span class='ocrx_word' id='word_1_100' title='bbox 1326 1363 1401 1423; x_wconf 80' lang='lat' dir='ltr'>nihil</span> <span class='ocrx_word' id='word_1_101' title='bbox 1430 1369 1519 1423; x_wconf 80' lang='lat' dir='ltr'>mons</span> 
     </span>
     <span class='ocr_line' id='line_1_11' title="bbox 233 1465 1542 1546; baseline -0.003 -21"><span class='ocrx_word' id='word_1_102' title='bbox 233 1485 302 1526; x_wconf 87' lang='lat' dir='ltr'>vero</span> <span class='ocrx_word' id='word_1_103' title='bbox 325 1468 560 1527; x_wconf 65' lang='lat' dir='ltr'>constantissime</span> <span class='ocrx_word' id='word_1_104' title='bbox 582 1468 685 1545; x_wconf 75' lang='lat' dir='ltr'>creptis</span> <span class='ocrx_word' id='word_1_105' title='bbox 706 1468 811 1537; x_wconf 88' lang='lat' dir='ltr'>iustiti,</span> <span class='ocrx_word' id='word_1_106' title='bbox 835 1486 931 1546; x_wconf 89' lang='lat' dir='ltr'>neque</span> <span class='ocrx_word' id='word_1_107' title='bbox 954 1466 1062 1545; x_wconf 89' lang='lat' dir='ltr'>aliquid</span> <span class='ocrx_word' id='word_1_108' title='bbox 1084 1468 1166 1544; x_wconf 89' lang='lat' dir='ltr'>prius</span> <span class='ocrx_word' id='word_1_109' title='bbox 1188 1465 1279 1526; x_wconf 89' lang='lat' dir='ltr'>habui</span> <span class='ocrx_word' id='word_1_110' title='bbox 1301 1484 1393 1544; x_wconf 90' lang='lat' dir='ltr'>quam</span> <span class='ocrx_word' id='word_1_111' title='bbox 1416 1466 1459 1525; x_wconf 83' lang='lat' dir='ltr'>ias</span> <span class='ocrx_word' id='word_1_112' title='bbox 1473 1483 1517 1542; x_wconf 92' lang='lat' dir='ltr'>pa·</span> <span class='ocrx_word' id='word_1_113' title='bbox 1525 1483 1542 1521; x_wconf 92' lang='lat' dir='ltr'>n</span> 
     </span>
     <span class='ocr_line' id='line_1_12' title="bbox 230 1568 1518 1648; baseline -0.002 -22"><span class='ocrx_word' id='word_1_114' title='bbox 230 1570 292 1629; x_wconf 82' lang='lat' dir='ltr'>triae</span> <span class='ocrx_word' id='word_1_115' title='bbox 316 1575 344 1628; x_wconf 88' lang='lat' dir='ltr'>et</span> <span class='ocrx_word' id='word_1_116' title='bbox 366 1569 473 1628; x_wconf 88' lang='lat' dir='ltr'>avitum</span> <span class='ocrx_word' id='word_1_117' title='bbox 495 1568 660 1628; x_wconf 81' lang='lat' dir='ltr'>Germaniae</span> <span class='ocrx_word' id='word_1_118' title='bbox 683 1569 790 1638; x_wconf 81' lang='lat' dir='ltr'>decus3</span> <span class='ocrx_word' id='word_1_119' title='bbox 825 1588 951 1648; x_wconf 91' lang='lat' dir='ltr'>cumque</span> <span class='ocrx_word' id='word_1_120' title='bbox 979 1576 1058 1628; x_wconf 84' lang='lat' dir='ltr'>esset</span> <span class='ocrx_word' id='word_1_121' title='bbox 1086 1568 1288 1628; x_wconf 78' lang='lat' dir='ltr'>efficacissima</span> <span class='ocrx_word' id='word_1_122' title='bbox 1305 1575 1385 1626; x_wconf 81' lang='lat' dir='ltr'>tunc</span> <span class='ocrx_word' id='word_1_123' title='bbox 1407 1585 1518 1644; x_wconf 89' lang='lat' dir='ltr'>permo-</span> 
     </span>
     <span class='ocr_line' id='line_1_13' title="bbox 230 1669 1518 1746; baseline -0.001 -18"><span class='ocrx_word' id='word_1_124' title='bbox 230 1669 315 1729; x_wconf 86' lang='lat' dir='ltr'>vendi</span> <span class='ocrx_word' id='word_1_125' title='bbox 337 1671 552 1730; x_wconf 84' lang='lat' dir='ltr'>Germanorum</span> <span class='ocrx_word' id='word_1_126' title='bbox 571 1671 689 1740; x_wconf 81' lang='lat' dir='ltr'>artimus</span> <span class='ocrx_word' id='word_1_127' title='bbox 711 1689 829 1740; x_wconf 87' lang='lat' dir='ltr'>caussa,</span> <span class='ocrx_word' id='word_1_128' title='bbox 862 1672 887 1729; x_wconf 91' lang='lat' dir='ltr'>si</span> <span class='ocrx_word' id='word_1_129' title='bbox 910 1671 994 1730; x_wconf 89' lang='lat' dir='ltr'>cuius</span> <span class='ocrx_word' id='word_1_130' title='bbox 1022 1688 1097 1729; x_wconf 77' lang='lat' dir='ltr'>uror</span> <span class='ocrx_word' id='word_1_131' title='bbox 1127 1669 1205 1746; x_wconf 89' lang='lat' dir='ltr'>apud</span> <span class='ocrx_word' id='word_1_132' title='bbox 1234 1669 1336 1728; x_wconf 81' lang='lat' dir='ltr'>hostes</span> <span class='ocrx_word' id='word_1_133' title='bbox 1364 1677 1518 1734; x_wconf 86' lang='lat' dir='ltr'>teneretur,</span> 
     </span>
     <span class='ocr_line' id='line_1_14' title="bbox 229 1770 1519 1851; baseline -0.003 -21"><span class='ocrx_word' id='word_1_134' title='bbox 229 1788 326 1851; x_wconf 89' lang='lat' dir='ltr'>neqne</span> <span class='ocrx_word' id='word_1_135' title='bbox 357 1770 413 1831; x_wconf 92' lang='lat' dir='ltr'>alio</span> <span class='ocrx_word' id='word_1_136' title='bbox 441 1772 535 1849; x_wconf 85' lang='lat' dir='ltr'>magis</span> <span class='ocrx_word' id='word_1_137' title='bbox 561 1773 680 1831; x_wconf 89' lang='lat' dir='ltr'>nomine</span> <span class='ocrx_word' id='word_1_138' title='bbox 708 1773 903 1849; x_wconf 86' lang='lat' dir='ltr'>captivitatem</span> <span class='ocrx_word' id='word_1_139' title='bbox 932 1774 1072 1831; x_wconf 79' lang='lat' dir='ltr'>timerent</span> <span class='ocrx_word' id='word_1_140' title='bbox 1098 1771 1248 1839; x_wconf 88' lang='lat' dir='ltr'>homines,</span> <span class='ocrx_word' id='word_1_141' title='bbox 1282 1789 1442 1848; x_wconf 85' lang='lat' dir='ltr'>meamque</span> <span class='ocrx_word' id='word_1_142' title='bbox 1468 1785 1519 1845; x_wconf 80' lang='lat' dir='ltr'>ege</span> 
     </span>
     <span class='ocr_line' id='line_1_15' title="bbox 229 1869 1517 1952; baseline -0.002 -20"><span class='ocrx_word' id='word_1_143' title='bbox 229 1891 359 1933; x_wconf 89' lang='lat' dir='ltr'>amarem</span> <span class='ocrx_word' id='word_1_144' title='bbox 381 1873 584 1934; x_wconf 79' lang='lat' dir='ltr'>ardentissime</span> <span class='ocrx_word' id='word_1_145' title='bbox 607 1880 635 1933; x_wconf 91' lang='lat' dir='ltr'>et</span> <span class='ocrx_word' id='word_1_146' title='bbox 658 1873 694 1933; x_wconf 91' lang='lat' dir='ltr'>ab</span> <span class='ocrx_word' id='word_1_147' title='bbox 718 1874 778 1950; x_wconf 91' lang='lat' dir='ltr'>ipsa</span> <span class='ocrx_word' id='word_1_148' title='bbox 802 1874 952 1952; x_wconf 70' lang='lat' dir='ltr'>prestanti</span> <span class='ocrx_word' id='word_1_149' title='bbox 974 1875 1097 1935; x_wconf 89' lang='lat' dir='ltr'>invicem</span> <span class='ocrx_word' id='word_1_150' title='bbox 1125 1873 1182 1932; x_wconf 86' lang='lat' dir='ltr'>lide</span> <span class='ocrx_word' id='word_1_151' title='bbox 1212 1872 1402 1938; x_wconf 89' lang='lat' dir='ltr'>redamarer,</span> <span class='ocrx_word' id='word_1_152' title='bbox 1431 1869 1517 1949; x_wconf 86' lang='lat' dir='ltr'>qnod·</span> 
     </span>
     <span class='ocr_line' id='line_1_16' title="bbox 229 1971 1541 2054; baseline -0.005 -20"><span class='ocrx_word' id='word_1_153' title='bbox 229 1992 287 2051; x_wconf 88' lang='lat' dir='ltr'>que</span> <span class='ocrx_word' id='word_1_154' title='bbox 309 1974 439 2034; x_wconf 86' lang='lat' dir='ltr'>omniurn</span> <span class='ocrx_word' id='word_1_155' title='bbox 462 1974 659 2035; x_wconf 75' lang='lat' dir='ltr'>intentissime</span> <span class='ocrx_word' id='word_1_156' title='bbox 682 1974 841 2044; x_wconf 87' lang='lat' dir='ltr'>alliciebat,</span> <span class='ocrx_word' id='word_1_157' title='bbox 865 1975 1013 2054; x_wconf 85' lang='lat' dir='ltr'>gravidam</span> <span class='ocrx_word' id='word_1_158' title='bbox 1036 1977 1211 2043; x_wconf 82' lang='lat' dir='ltr'>amisissem,</span> <span class='ocrx_word' id='word_1_159' title='bbox 1234 1982 1335 2034; x_wconf 89' lang='lat' dir='ltr'>tamen</span> <span class='ocrx_word' id='word_1_160' title='bbox 1352 1971 1399 2031; x_wconf 84' lang='lat' dir='ltr'>rel</span> <span class='ocrx_word' id='word_1_161' title='bbox 1413 1972 1541 2031; x_wconf 80' lang='lat' dir='ltr'>sicini-o</span> 
     </span>
     <span class='ocr_line' id='line_1_17' title="bbox 229 2062 1517 2156; baseline -0.003 -22"><span class='ocrx_word' id='word_1_162' title='bbox 229 2062 343 2137; x_wconf 86' lang='lat' dir='ltr'>motum</span> <span class='ocrx_word' id='word_1_163' title='bbox 365 2094 413 2135; x_wconf 90' lang='lat' dir='ltr'>me</span> <span class='ocrx_word' id='word_1_164' title='bbox 436 2078 571 2153; x_wconf 84' lang='lat' dir='ltr'>praestiti,</span> <span class='ocrx_word' id='word_1_165' title='bbox 606 2095 702 2156; x_wconf 88' lang='lat' dir='ltr'>neque</span> <span class='ocrx_word' id='word_1_166' title='bbox 730 2096 834 2156; x_wconf 86' lang='lat' dir='ltr'>passus</span> <span class='ocrx_word' id='word_1_167' title='bbox 861 2095 926 2137; x_wconf 89' lang='lat' dir='ltr'>sum</span> <span class='ocrx_word' id='word_1_168' title='bbox 955 2079 1099 2154; x_wconf 89' lang='lat' dir='ltr'>privatum</span> <span class='ocrx_word' id='word_1_169' title='bbox 1127 2075 1260 2137; x_wconf 88' lang='lat' dir='ltr'>dolorem</span> <span class='ocrx_word' id='word_1_170' title='bbox 1290 2075 1396 2152; x_wconf 74' lang='lat' dir='ltr'>patna</span> <span class='ocrx_word' id='word_1_171' title='bbox 1424 2074 1453 2132; x_wconf 90' lang='lat' dir='ltr'>iu</span> <span class='ocrx_word' id='word_1_172' title='bbox 1474 2090 1517 2130; x_wconf 88' lang='lat' dir='ltr'>me</span> 
     </span>
     <span class='ocr_line' id='line_1_18' title="bbox 159 2173 1545 2256; baseline -0.004 -20"><span class='ocrx_word' id='word_1_173' title='bbox 159 2179 380 2237; x_wconf 75' lang='lat' dir='ltr'>§.ttcarilatem</span> <span class='ocrx_word' id='word_1_174' title='bbox 402 2178 550 2237; x_wconf 84' lang='lat' dir='ltr'>minuere:</span> <span class='ocrx_word' id='word_1_175' title='bbox 574 2179 644 2256; x_wconf 89' lang='lat' dir='ltr'>quin</span> <span class='ocrx_word' id='word_1_176' title='bbox 667 2197 736 2239; x_wconf 88' lang='lat' dir='ltr'>vero</span> <span class='ocrx_word' id='word_1_177' title='bbox 759 2180 788 2238; x_wconf 92' lang='lat' dir='ltr'>in</span> <span class='ocrx_word' id='word_1_178' title='bbox 812 2181 884 2239; x_wconf 89' lang='lat' dir='ltr'>iram</span> <span class='ocrx_word' id='word_1_179' title='bbox 908 2196 1011 2239; x_wconf 86' lang='lat' dir='ltr'>versus</span> <span class='ocrx_word' id='word_1_180' title='bbox 1032 2177 1117 2238; x_wconf 91' lang='lat' dir='ltr'>dolor</span> <span class='ocrx_word' id='word_1_181' title='bbox 1138 2177 1265 2237; x_wconf 77' lang='lat' dir='ltr'>alamius</span> <span class='ocrx_word' id='word_1_182' title='bbox 1294 2176 1394 2236; x_wconf 83' lang='lat' dir='ltr'>omnia</span> <span class='ocrx_word' id='word_1_183' title='bbox 1421 2173 1519 2234; x_wconf 89' lang='lat' dir='ltr'>conari</span> <span class='ocrx_word' id='word_1_184' title='bbox 1541 2192 1545 2198; x_wconf 69' lang='grc'>’</span> 
     </span>
     <span class='ocr_line' id='line_1_19' title="bbox 227 2275 1516 2356; baseline 0.002 -19"><span class='ocrx_word' id='word_1_185' title='bbox 227 2276 343 2355; x_wconf 77' lang='lat' dir='ltr'>impulit</span> <span class='ocrx_word' id='word_1_186' title='bbox 364 2296 452 2356; x_wconf 88' lang='lat' dir='ltr'>quarn</span> <span class='ocrx_word' id='word_1_187' title='bbox 475 2286 599 2339; x_wconf 91' lang='lat' dir='ltr'>conatus</span> <span class='ocrx_word' id='word_1_188' title='bbox 619 2287 687 2341; x_wconf 90' lang='lat' dir='ltr'>aute</span> <span class='ocrx_word' id='word_1_189' title='bbox 710 2298 821 2341; x_wconf 78' lang='lat' dir='ltr'>essem:</span> <span class='ocrx_word' id='word_1_190' title='bbox 844 2280 896 2341; x_wconf 91' lang='lat' dir='ltr'>obi</span> <span class='ocrx_word' id='word_1_191' title='bbox 919 2287 947 2341; x_wconf 86' lang='lat' dir='ltr'>et</span> <span class='ocrx_word' id='word_1_192' title='bbox 969 2282 1040 2340; x_wconf 90' lang='lat' dir='ltr'>ruibi</span> <span class='ocrx_word' id='word_1_193' title='bbox 1062 2286 1151 2340; x_wconf 87' lang='lat' dir='ltr'>testes</span> <span class='ocrx_word' id='word_1_194' title='bbox 1174 2297 1238 2339; x_wconf 84' lang='lat' dir='ltr'>esse</span> <span class='ocrx_word' id='word_1_195' title='bbox 1260 2284 1381 2355; x_wconf 86' lang='lat' dir='ltr'>oportet</span> <span class='ocrx_word' id='word_1_196' title='bbox 1402 2275 1516 2340; x_wconf 80' lang='lat' dir='ltr'>inlesos,</span> 
     </span>
     <span class='ocr_line' id='line_1_20' title="bbox 228 2379 1517 2457; baseline -0.001 -20"><span class='ocrx_word' id='word_1_197' title='bbox 228 2387 367 2457; x_wconf 89' lang='lat' dir='ltr'>quantam</span> <span class='ocrx_word' id='word_1_198' title='bbox 390 2380 518 2457; x_wconf 89' lang='lat' dir='ltr'>quotidie</span> <span class='ocrx_word' id='word_1_199' title='bbox 540 2380 742 2442; x_wconf 86' lang='lat' dir='ltr'>Romanorum</span> <span class='ocrx_word' id='word_1_200' title='bbox 765 2381 981 2442; x_wconf 84' lang='lat' dir='ltr'>multitudinem</span> <span class='ocrx_word' id='word_1_201' title='bbox 1005 2382 1063 2442; x_wconf 92' lang='lat' dir='ltr'>buc</span> <span class='ocrx_word' id='word_1_202' title='bbox 1084 2381 1267 2449; x_wconf 88' lang='lat' dir='ltr'>demiserim,</span> <span class='ocrx_word' id='word_1_203' title='bbox 1296 2379 1517 2439; x_wconf 84' lang='lat' dir='ltr'>vehementiae</span> 
     </span>
     <span class='ocr_line' id='line_1_21' title="bbox 227 2479 1573 2563; baseline -0.003 -24"><span class='ocrx_word' id='word_1_204' title='bbox 227 2481 307 2540; x_wconf 81' lang='lat' dir='ltr'>varia</span> <span class='ocrx_word' id='word_1_205' title='bbox 330 2481 359 2539; x_wconf 93' lang='lat' dir='ltr'>iu</span> <span class='ocrx_word' id='word_1_206' title='bbox 381 2482 483 2558; x_wconf 76' lang='lat' dir='ltr'>patriae</span> <span class='ocrx_word' id='word_1_207' title='bbox 505 2482 672 2559; x_wconf 80' lang='lat' dir='ltr'>proditores</span> <span class='ocrx_word' id='word_1_208' title='bbox 694 2484 774 2544; x_wconf 79' lang='lat' dir='ltr'>caede</span> <span class='ocrx_word' id='word_1_209' title='bbox 795 2491 1000 2563; x_wconf 86' lang='lat' dir='ltr'>pergrassatus</span> <span class='ocrx_word' id='word_1_210' title='bbox 1022 2485 1229 2561; x_wconf 75' lang='lat' dir='ltr'>funestumque</span> <span class='ocrx_word' id='word_1_211' title='bbox 1253 2487 1283 2542; x_wconf 87' lang='lat' dir='ltr'>et</span> <span class='ocrx_word' id='word_1_212' title='bbox 1297 2487 1385 2541; x_wconf 84' lang='lat' dir='ltr'>atrox</span> <span class='ocrx_word' id='word_1_213' title='bbox 1400 2499 1455 2559; x_wconf 90' lang='lat' dir='ltr'>pcr</span> <span class='ocrx_word' id='word_1_214' title='bbox 1468 2479 1573 2538; x_wconf 69' lang='lat' dir='ltr'>avt-2⁰</span> 
     </span>
     <span class='ocr_line' id='line_1_22' title="bbox 158 2581 1518 2663; baseline -0.004 -19"><span class='ocrx_word' id='word_1_215' title='bbox 158 2582 373 2644; x_wconf 72' lang='lat' dir='ltr'>§.mvarsarios</span> <span class='ocrx_word' id='word_1_216' title='bbox 395 2581 504 2643; x_wconf 77' lang='lat' dir='ltr'>belham</span> <span class='ocrx_word' id='word_1_217' title='bbox 528 2585 755 2646; x_wconf 83' lang='lat' dir='ltr'>circumferens:</span> <span class='ocrx_word' id='word_1_218' title='bbox 791 2585 876 2663; x_wconf 87' lang='lat' dir='ltr'>plane</span> <span class='ocrx_word' id='word_1_219' title='bbox 903 2585 1016 2646; x_wconf 90' lang='lat' dir='ltr'>ostendi</span> <span class='ocrx_word' id='word_1_220' title='bbox 1038 2585 1178 2645; x_wconf 87' lang='lat' dir='ltr'>llomanis</span> <span class='ocrx_word' id='word_1_221' title='bbox 1209 2583 1249 2643; x_wconf 91' lang='lat' dir='ltr'>ibi</span> <span class='ocrx_word' id='word_1_222' title='bbox 1277 2601 1388 2660; x_wconf 78' lang='lat' dir='ltr'>anagnu</span> <span class='ocrx_word' id='word_1_223' title='bbox 1415 2582 1518 2641; x_wconf 84' lang='lat' dir='ltr'>iniecto</span> 
     </span>
     <span class='ocr_line' id='line_1_23' title="bbox 227 2674 1517 2765; baseline 0.002 -22"><span class='ocrx_word' id='word_1_224' title='bbox 227 2684 341 2760; x_wconf 86' lang='lat' dir='ltr'>pudore</span> <span class='ocrx_word' id='word_1_225' title='bbox 363 2702 423 2744; x_wconf 86' lang='lat' dir='ltr'>non</span> <span class='ocrx_word' id='word_1_226' title='bbox 446 2685 612 2763; x_wconf 88' lang='lat' dir='ltr'>proditione</span> <span class='ocrx_word' id='word_1_227' title='bbox 634 2704 682 2747; x_wconf 88' lang='lat' dir='ltr'>me</span> <span class='ocrx_word' id='word_1_228' title='bbox 704 2705 800 2765; x_wconf 90' lang='lat' dir='ltr'>neque</span> <span class='ocrx_word' id='word_1_229' title='bbox 823 2687 964 2747; x_wconf 86' lang='lat' dir='ltr'>adversus</span> <span class='ocrx_word' id='word_1_230' title='bbox 986 2688 1119 2746; x_wconf 83' lang='lat' dir='ltr'>lvsnrinas</span> <span class='ocrx_word' id='word_1_231' title='bbox 1149 2685 1284 2764; x_wconf 85' lang='lat' dir='ltr'>gravidas</span> <span class='ocrx_word' id='word_1_232' title='bbox 1311 2703 1377 2745; x_wconf 84' lang='lat' dir='ltr'>rem</span> <span class='ocrx_word' id='word_1_233' title='bbox 1396 2674 1517 2760; x_wconf 76' lang='lat' dir='ltr'>&#39;gerere</span> 
     </span>
     <span class='ocr_line' id='line_1_24' title="bbox 225 2785 1519 2874; baseline 0.001 -29"><span class='ocrx_word' id='word_1_234' title='bbox 225 2785 277 2846; x_wconf 87' lang='lat' dir='ltr'>sed</span> <span class='ocrx_word' id='word_1_235' title='bbox 300 2785 397 2865; x_wconf 89' lang='lat' dir='ltr'>palam</span> <span class='ocrx_word' id='word_1_236' title='bbox 419 2795 546 2847; x_wconf 88' lang='lat' dir='ltr'>armatos</span> <span class='ocrx_word' id='word_1_237' title='bbox 568 2787 731 2874; x_wconf 87' lang='lat' dir='ltr'>deposcere</span> <span class='ocrx_word' id='word_1_238' title='bbox 753 2789 823 2849; x_wconf 91' lang='lat' dir='ltr'>mibi</span> <span class='ocrx_word' id='word_1_239' title='bbox 847 2790 875 2849; x_wconf 88' lang='lat' dir='ltr'>in</span> <span class='ocrx_word' id='word_1_240' title='bbox 898 2807 972 2867; x_wconf 90' lang='lat' dir='ltr'>quos</span> <span class='ocrx_word' id='word_1_241' title='bbox 994 2788 1090 2866; x_wconf 80' lang='lat' dir='ltr'>dignm</span> <span class='ocrx_word' id='word_1_242' title='bbox 1119 2786 1236 2848; x_wconf 87' lang='lat' dir='ltr'>ultiouis</span> <span class='ocrx_word' id='word_1_243' title='bbox 1263 2785 1386 2847; x_wconf 87' lang='lat' dir='ltr'>aculeos</span> <span class='ocrx_word' id='word_1_244' title='bbox 1413 2786 1519 2862; x_wconf 73' lang='lat' dir='ltr'>delige·</span> 
     </span>
     <span class='ocr_line' id='line_1_25' title="bbox 226 2889 1516 2968; baseline -0.002 -21"><span class='ocrx_word' id='word_1_245' title='bbox 226 2906 299 2948; x_wconf 89' lang='lat' dir='ltr'>rem.</span> <span class='ocrx_word' id='word_1_246' title='bbox 339 2907 396 2968; x_wconf 92' lang='lat' dir='ltr'>qua</span> <span class='ocrx_word' id='word_1_247' title='bbox 425 2908 459 2949; x_wconf 91' lang='lat' dir='ltr'>re</span> <span class='ocrx_word' id='word_1_248' title='bbox 481 2889 590 2950; x_wconf 89' lang='lat' dir='ltr'>lactum</span> <span class='ocrx_word' id='word_1_249' title='bbox 612 2889 694 2951; x_wconf 88' lang='lat' dir='ltr'>brevi</span> <span class='ocrx_word' id='word_1_250' title='bbox 723 2898 781 2959; x_wconf 87' lang='lat' dir='ltr'>est,</span> <span class='ocrx_word' id='word_1_251' title='bbox 812 2897 845 2950; x_wconf 87' lang='lat' dir='ltr'>nt</span> <span class='ocrx_word' id='word_1_252' title='bbox 866 2890 1016 2950; x_wconf 85' lang='lat' dir='ltr'>Romanos</span> <span class='ocrx_word' id='word_1_253' title='bbox 1037 2891 1196 2950; x_wconf 84' lang='lat' dir='ltr'>Germania</span> <span class='ocrx_word' id='word_1_254' title='bbox 1224 2889 1343 2966; x_wconf 84' lang='lat' dir='ltr'>penitus</span> <span class='ocrx_word' id='word_1_255' title='bbox 1372 2889 1516 2948; x_wconf 83' lang='lat' dir='ltr'>eiecerim.</span> 
     </span>
     <span class='ocr_line' id='line_1_26' title="bbox 227 2988 1594 3070; baseline -0.001 -21"><span class='ocrx_word' id='word_1_256' title='bbox 227 3008 328 3068; x_wconf 87' lang='lat' dir='ltr'>aquo</span> <span class='ocrx_word' id='word_1_257' title='bbox 347 2990 453 3052; x_wconf 88' lang='lat' dir='ltr'>deinde</span> <span class='ocrx_word' id='word_1_258' title='bbox 475 2998 608 3069; x_wconf 85' lang='lat' dir='ltr'>tempore</span> <span class='ocrx_word' id='word_1_259' title='bbox 630 3009 723 3070; x_wconf 89' lang='lat' dir='ltr'>nsque</span> <span class='ocrx_word' id='word_1_260' title='bbox 745 2993 775 3051; x_wconf 93' lang='lat' dir='ltr'>in</span> <span class='ocrx_word' id='word_1_261' title='bbox 798 2992 877 3052; x_wconf 89' lang='lat' dir='ltr'>bunc</span> <span class='ocrx_word' id='word_1_262' title='bbox 905 3000 977 3070; x_wconf 89' lang='lat' dir='ltr'>puto</span> <span class='ocrx_word' id='word_1_263' title='bbox 1004 2993 1082 3053; x_wconf 89' lang='lat' dir='ltr'>diem</span> <span class='ocrx_word' id='word_1_264' title='bbox 1108 2990 1304 3053; x_wconf 73' lang='lat' dir='ltr'>autumnat</span> <span class='ocrx_word' id='word_1_265' title='bbox 1329 2988 1450 3049; x_wconf 86' lang='lat' dir='ltr'>illorum</span> <span class='ocrx_word' id='word_1_266' title='bbox 1478 2989 1534 3049; x_wconf 67' lang='lat' dir='ltr'>ibit</span> <span class='ocrx_word' id='word_1_267' title='bbox 1586 3005 1594 3019; x_wconf 71' lang='lat'><strong>¹</strong></span> 
     </span>
     <span class='ocr_line' id='line_1_27' title="bbox 156 3084 1517 3173; baseline 0 -23"><span class='ocrx_word' id='word_1_268' title='bbox 156 3084 393 3169; x_wconf 67' lang='lat' dir='ltr'>tat-imperiosi.</span> <span class='ocrx_word' id='word_1_269' title='bbox 439 3092 578 3153; x_wconf 82' lang='lat' dir='ltr'>Restabat</span> <span class='ocrx_word' id='word_1_270' title='bbox 600 3092 799 3154; x_wconf 83' lang='lat' dir='ltr'>Maroboduus</span> <span class='ocrx_word' id='word_1_271' title='bbox 822 3094 949 3164; x_wconf 88' lang='lat' dir='ltr'>Suevus,</span> <span class='ocrx_word' id='word_1_272' title='bbox 979 3095 1118 3173; x_wconf 88' lang='lat' dir='ltr'>quicum</span> <span class='ocrx_word' id='word_1_273' title='bbox 1141 3092 1212 3152; x_wconf 89' lang='lat' dir='ltr'>mibi</span> <span class='ocrx_word' id='word_1_274' title='bbox 1234 3111 1270 3152; x_wconf 85' lang='lat' dir='ltr'>ex</span> <span class='ocrx_word' id='word_1_275' title='bbox 1298 3091 1413 3151; x_wconf 60' lang='lat' dir='ltr'>loedere</span> <span class='ocrx_word' id='word_1_276' title='bbox 1440 3090 1517 3169; x_wconf 83' lang='lat' dir='ltr'>quod</span> 
     </span>
     <span class='ocr_line' id='line_1_28' title="bbox 226 3192 1517 3272; baseline -0.001 -19"><span class='ocrx_word' id='word_1_277' title='bbox 226 3211 293 3253; x_wconf 80' lang='lat' dir='ltr'>curn</span> <span class='ocrx_word' id='word_1_278' title='bbox 316 3193 457 3254; x_wconf 80' lang='lat' dir='ltr'>Romanis</span> <span class='ocrx_word' id='word_1_279' title='bbox 479 3196 533 3272; x_wconf 92' lang='lat' dir='ltr'>ipsi</span> <span class='ocrx_word' id='word_1_280' title='bbox 556 3196 610 3254; x_wconf 85' lang='lat' dir='ltr'>init</span> <span class='ocrx_word' id='word_1_281' title='bbox 631 3195 852 3263; x_wconf 79' lang='lat' dir='ltr'>adversaretur,</span> <span class='ocrx_word' id='word_1_282' title='bbox 875 3202 934 3256; x_wconf 92' lang='lat' dir='ltr'>tota</span> <span class='ocrx_word' id='word_1_283' title='bbox 958 3215 975 3256; x_wconf 94' lang='lat' dir='ltr'>a</span> <span class='ocrx_word' id='word_1_284' title='bbox 997 3215 1045 3255; x_wconf 81' lang='lat' dir='ltr'>ure</span> <span class='ocrx_word' id='word_1_285' title='bbox 1067 3194 1135 3255; x_wconf 90' lang='lat' dir='ltr'>belli</span> <span class='ocrx_word' id='word_1_286' title='bbox 1150 3192 1228 3255; x_wconf 84' lang='lat' dir='ltr'>mole</span> <span class='ocrx_word' id='word_1_287' title='bbox 1243 3195 1352 3270; x_wconf 85' lang='lat' dir='ltr'>petitus</span> <span class='ocrx_word' id='word_1_288' title='bbox 1367 3202 1429 3255; x_wconf 86' lang='lat' dir='ltr'>est:</span> <span class='ocrx_word' id='word_1_289' title='bbox 1452 3212 1517 3271; x_wconf 72' lang='lat' dir='ltr'>gra·</span> 
     </span>
     <span class='ocr_line' id='line_1_29' title="bbox 225 3294 1517 3383; baseline 0.002 -32"><span class='ocrx_word' id='word_1_290' title='bbox 225 3295 371 3355; x_wconf 81' lang='lat' dir='ltr'>vissimum</span> <span class='ocrx_word' id='word_1_291' title='bbox 394 3295 423 3355; x_wconf 93' lang='lat' dir='ltr'>id</span> <span class='ocrx_word' id='word_1_292' title='bbox 446 3295 708 3375; x_wconf 83' lang='lat' dir='ltr'>difficillimumque</span> <span class='ocrx_word' id='word_1_293' title='bbox 730 3304 880 3358; x_wconf 89' lang='lat' dir='ltr'>certamen</span> <span class='ocrx_word' id='word_1_294' title='bbox 901 3298 956 3357; x_wconf 86' lang='lat' dir='ltr'>luit</span> <span class='ocrx_word' id='word_1_295' title='bbox 977 3314 1147 3383; x_wconf 79' lang='lat' dir='ltr'>cunrrage</span> <span class='ocrx_word' id='word_1_296' title='bbox 1160 3296 1365 3373; x_wconf 84' lang='lat' dir='ltr'>potentissimo</span> <span class='ocrx_word' id='word_1_297' title='bbox 1393 3316 1429 3356; x_wconf 86' lang='lat' dir='ltr'>ac</span> <span class='ocrx_word' id='word_1_298' title='bbox 1455 3294 1517 3357; x_wconf 85' lang='lat' dir='ltr'>bel·</span> 
     </span>
     <span class='ocr_line' id='line_1_30' title="bbox 224 3394 1516 3475; baseline 0.004 -22"><span class='ocrx_word' id='word_1_299' title='bbox 224 3394 286 3454; x_wconf 83' lang='lat' dir='ltr'>lioae</span> <span class='ocrx_word' id='word_1_300' title='bbox 308 3397 404 3455; x_wconf 81' lang='lat' dir='ltr'>amnis</span> <span class='ocrx_word' id='word_1_301' title='bbox 425 3397 469 3456; x_wconf 87' lang='lat' dir='ltr'>rei</span> <span class='ocrx_word' id='word_1_302' title='bbox 490 3398 698 3467; x_wconf 81' lang='lat' dir='ltr'>scientissimo,</span> <span class='ocrx_word' id='word_1_303' title='bbox 722 3398 879 3460; x_wconf 85' lang='lat' dir='ltr'>bellicosos</span> <span class='ocrx_word' id='word_1_304' title='bbox 900 3399 1065 3459; x_wconf 87' lang='lat' dir='ltr'>Suevorum</span> <span class='ocrx_word' id='word_1_305' title='bbox 1085 3395 1227 3475; x_wconf 87' lang='lat' dir='ltr'>populos,</span> <span class='ocrx_word' id='word_1_306' title='bbox 1250 3398 1402 3474; x_wconf 83' lang='lat' dir='ltr'>ingentem</span> <span class='ocrx_word' id='word_1_307' title='bbox 1424 3400 1516 3458; x_wconf 87' lang='lat' dir='ltr'>socio·</span> 
     </span>
     <span class='ocr_line' id='line_1_31' title="bbox 223 3497 1586 3577; baseline 0.001 -21"><span class='ocrx_word' id='word_1_308' title='bbox 223 3511 290 3556; x_wconf 84' lang='lat' dir='ltr'>ram</span> <span class='ocrx_word' id='word_1_309' title='bbox 322 3497 396 3566; x_wconf 90' lang='lat' dir='ltr'>vim,</span> <span class='ocrx_word' id='word_1_310' title='bbox 429 3497 571 3557; x_wconf 88' lang='lat' dir='ltr'>immensa</span> <span class='ocrx_word' id='word_1_311' title='bbox 598 3499 704 3560; x_wconf 77' lang='lat' dir='ltr'>auxilia</span> <span class='ocrx_word' id='word_1_312' title='bbox 732 3508 799 3577; x_wconf 88' lang='lat' dir='ltr'>post</span> <span class='ocrx_word' id='word_1_313' title='bbox 827 3520 858 3561; x_wconf 88' lang='lat' dir='ltr'>se</span> <span class='ocrx_word' id='word_1_314' title='bbox 892 3501 1044 3569; x_wconf 82' lang='lat' dir='ltr'>trabeate,</span> <span class='ocrx_word' id='word_1_315' title='bbox 1079 3516 1147 3560; x_wconf 87' lang='lat' dir='ltr'>cum</span> <span class='ocrx_word' id='word_1_316' title='bbox 1180 3497 1297 3558; x_wconf 85' lang='lat' dir='ltr'>interim</span> <span class='ocrx_word' id='word_1_317' title='bbox 1331 3518 1346 3558; x_wconf 90' lang='lat' dir='ltr'>a</span> <span class='ocrx_word' id='word_1_318' title='bbox 1378 3500 1515 3559; x_wconf 80' lang='lat' dir='ltr'>Romanis</span> <span class='ocrx_word' id='word_1_319' title='bbox 1540 3527 1542 3533; x_wconf 95' lang='lat'><em>·</em></span> <span class='ocrx_word' id='word_1_320' title='bbox 1575 3510 1586 3525; x_wconf 80' lang='lat'><strong>¹</strong></span> 
     </span>
     <span class='ocr_line' id='line_1_32' title="bbox 224 3598 1517 3681; baseline 0.001 -24"><span class='ocrx_word' id='word_1_321' title='bbox 224 3598 373 3657; x_wconf 88' lang='lat' dir='ltr'>iuvaretur</span> <span class='ocrx_word' id='word_1_322' title='bbox 395 3600 518 3674; x_wconf 86' lang='lat' dir='ltr'>pecunia</span> <span class='ocrx_word' id='word_1_323' title='bbox 543 3607 571 3658; x_wconf 93' lang='lat' dir='ltr'>et</span> <span class='ocrx_word' id='word_1_324' title='bbox 593 3600 750 3677; x_wconf 79' lang='lat' dir='ltr'>lguiomeri</span> <span class='ocrx_word' id='word_1_325' title='bbox 772 3603 909 3681; x_wconf 82' lang='lat' dir='ltr'>perfugio</span> <span class='ocrx_word' id='word_1_326' title='bbox 931 3619 1068 3680; x_wconf 86' lang='lat' dir='ltr'>magnam</span> <span class='ocrx_word' id='word_1_327' title='bbox 1091 3601 1161 3661; x_wconf 90' lang='lat' dir='ltr'>mibi</span> <span class='ocrx_word' id='word_1_328' title='bbox 1186 3618 1306 3660; x_wconf 87' lang='lat' dir='ltr'>manum</span> <span class='ocrx_word' id='word_1_329' title='bbox 1333 3599 1517 3679; x_wconf 75' lang='lat' dir='ltr'>abruqusset:</span> 
     </span>
     <span class='ocr_line' id='line_1_33' title="bbox 154 3697 1513 3784; baseline -0.001 -24"><span class='ocrx_word' id='word_1_330' title='bbox 154 3697 390 3780; x_wconf 67' lang='lat' dir='ltr'>§.renuerint</span> <span class='ocrx_word' id='word_1_331' title='bbox 412 3701 453 3760; x_wconf 85' lang='lat' dir='ltr'>sic</span> <span class='ocrx_word' id='word_1_332' title='bbox 475 3701 553 3760; x_wconf 89' lang='lat' dir='ltr'>varie</span> <span class='ocrx_word' id='word_1_333' title='bbox 581 3700 658 3763; x_wconf 88' lang='lat' dir='ltr'>ultro</span> <span class='ocrx_word' id='word_1_334' title='bbox 686 3703 820 3782; x_wconf 87' lang='lat' dir='ltr'>citroque</span> <span class='ocrx_word' id='word_1_335' title='bbox 848 3710 957 3764; x_wconf 85' lang='lat' dir='ltr'>tentata</span> <span class='ocrx_word' id='word_1_336' title='bbox 978 3703 1115 3784; x_wconf 8' lang='lat' dir='ltr'>‘Fortuna</span> <span class='ocrx_word' id='word_1_337' title='bbox 1143 3702 1262 3763; x_wconf 89' lang='lat' dir='ltr'>tandem</span> <span class='ocrx_word' id='word_1_338' title='bbox 1290 3699 1451 3762; x_wconf 82' lang='lat' dir='ltr'>inclinante</span> <span class='ocrx_word' id='word_1_339' title='bbox 1479 3701 1513 3760; x_wconf 93' lang='lat' dir='ltr'>ad</span> 
     </span>
     <span class='ocr_line' id='line_1_34' title="bbox 223 3802 1513 3882; baseline 0.001 -20"><span class='ocrx_word' id='word_1_340' title='bbox 223 3802 360 3879; x_wconf 79' lang='lat' dir='ltr'>aequioris</span> <span class='ocrx_word' id='word_1_341' title='bbox 382 3819 493 3861; x_wconf 76' lang='lat' dir='ltr'>caussae</span> <span class='ocrx_word' id='word_1_342' title='bbox 515 3808 626 3879; x_wconf 85' lang='lat' dir='ltr'>partas,</span> <span class='ocrx_word' id='word_1_343' title='bbox 651 3804 773 3866; x_wconf 88' lang='lat' dir='ltr'>deorum</span> <span class='ocrx_word' id='word_1_344' title='bbox 797 3805 944 3865; x_wconf 86' lang='lat' dir='ltr'>voluntate</span> <span class='ocrx_word' id='word_1_345' title='bbox 968 3807 1073 3866; x_wconf 85' lang='lat' dir='ltr'>victum</span> <span class='ocrx_word' id='word_1_346' title='bbox 1096 3805 1189 3864; x_wconf 86' lang='lat' dir='ltr'>atroci</span> <span class='ocrx_word' id='word_1_347' title='bbox 1211 3802 1314 3882; x_wconf 70' lang='lat' dir='ltr'>praelio</span> <span class='ocrx_word' id='word_1_348' title='bbox 1336 3805 1367 3863; x_wconf 88' lang='lat' dir='ltr'>iu</span> <span class='ocrx_word' id='word_1_349' title='bbox 1397 3803 1513 3864; x_wconf 80' lang='lat' dir='ltr'>ulbmos</span> 
     </span>
     <span class='ocr_line' id='line_1_35' title="bbox 222 3904 1512 3986; baseline 0 -23"><span class='ocrx_word' id='word_1_350' title='bbox 222 3904 374 3983; x_wconf 75' lang='lat' dir='ltr'>Hercyniae</span> <span class='ocrx_word' id='word_1_351' title='bbox 396 3920 530 3964; x_wconf 84' lang='lat' dir='ltr'>secessus</span> <span class='ocrx_word' id='word_1_352' title='bbox 552 3904 684 3981; x_wconf 86' lang='lat' dir='ltr'>propuli;</span> <span class='ocrx_word' id='word_1_353' title='bbox 707 3907 787 3968; x_wconf 88' lang='lat' dir='ltr'>unde</span> <span class='ocrx_word' id='word_1_354' title='bbox 809 3906 896 3984; x_wconf 85' lang='lat' dir='ltr'>paulo</span> <span class='ocrx_word' id='word_1_355' title='bbox 919 3918 985 3986; x_wconf 90' lang='lat' dir='ltr'>post</span> <span class='ocrx_word' id='word_1_356' title='bbox 1007 3907 1044 3967; x_wconf 89' lang='lat' dir='ltr'>de</span> <span class='ocrx_word' id='word_1_357' title='bbox 1066 3905 1198 3966; x_wconf 89' lang='lat' dir='ltr'>ulteriori</span> <span class='ocrx_word' id='word_1_358' title='bbox 1214 3922 1321 3966; x_wconf 82' lang='lat' dir='ltr'>savem</span> <span class='ocrx_word' id='word_1_359' title='bbox 1336 3904 1470 3982; x_wconf 84' lang='lat' dir='ltr'>periente</span> <span class='ocrx_word' id='word_1_360' title='bbox 1484 3905 1512 3964; x_wconf 91' lang='lat' dir='ltr'>in</span> 
     </span>
     <span class='ocr_line' id='line_1_36' title="bbox 221 4003 1542 4086; baseline 0.001 -21"><span class='ocrx_word' id='word_1_361' title='bbox 221 4003 332 4065; x_wconf 84' lang='lat' dir='ltr'>ltaliam</span> <span class='ocrx_word' id='word_1_362' title='bbox 354 4005 501 4085; x_wconf 79' lang='lat' dir='ltr'>confugit,</span> <span class='ocrx_word' id='word_1_363' title='bbox 535 4006 633 4086; x_wconf 87' lang='lat' dir='ltr'>ibique</span> <span class='ocrx_word' id='word_1_364' title='bbox 663 4007 767 4086; x_wconf 87' lang='lat' dir='ltr'>pulcro</span> <span class='ocrx_word' id='word_1_365' title='bbox 794 4007 961 4069; x_wconf 85' lang='lat' dir='ltr'>labentibus</span> <span class='ocrx_word' id='word_1_366' title='bbox 983 4008 1125 4069; x_wconf 81' lang='lat' dir='ltr'>Romanis</span> <span class='ocrx_word' id='word_1_367' title='bbox 1151 4008 1200 4085; x_wconf 89' lang='lat' dir='ltr'>qui</span> <span class='ocrx_word' id='word_1_368' title='bbox 1225 4005 1388 4067; x_wconf 86' lang='lat' dir='ltr'>liberaliter</span> <span class='ocrx_word' id='word_1_369' title='bbox 1415 4008 1542 4067; x_wconf 86' lang='lat' dir='ltr'>omuia&#39;</span> 
     </span>
     <span class='ocr_line' id='line_1_37' title="bbox 221 4105 1512 4188; baseline 0.002 -22"><span class='ocrx_word' id='word_1_370' title='bbox 221 4109 433 4185; x_wconf 83' lang='lat' dir='ltr'>promiserant,</span> <span class='ocrx_word' id='word_1_371' title='bbox 469 4115 499 4168; x_wconf 87' lang='lat' dir='ltr'>et</span> <span class='ocrx_word' id='word_1_372' title='bbox 525 4126 578 4187; x_wconf 81' lang='lat' dir='ltr'>spe</span> <span class='ocrx_word' id='word_1_373' title='bbox 603 4109 765 4169; x_wconf 80' lang='lat' dir='ltr'>trustratus</span> <span class='ocrx_word' id='word_1_374' title='bbox 793 4128 846 4170; x_wconf 89' lang='lat' dir='ltr'>sua</span> <span class='ocrx_word' id='word_1_375' title='bbox 867 4105 1010 4188; x_wconf 77' lang='lat' dir='ltr'>inglorius</span> <span class='ocrx_word' id='word_1_376' title='bbox 1038 4110 1199 4171; x_wconf 86' lang='lat' dir='ltr'>consenuit.</span> <span class='ocrx_word' id='word_1_377' title='bbox 1245 4127 1301 4186; x_wconf 84' lang='lat' dir='ltr'>ego</span> <span class='ocrx_word' id='word_1_378' title='bbox 1324 4108 1512 4169; x_wconf 80' lang='lat' dir='ltr'>Germaniam</span> 
     </span>
     <span class='ocr_line' id='line_1_38' title="bbox 222 4195 1512 4288; baseline 0.003 -21"><span class='ocrx_word' id='word_1_379' title='bbox 222 4210 297 4269; x_wconf 90' lang='lat' dir='ltr'>intra</span> <span class='ocrx_word' id='word_1_380' title='bbox 318 4226 351 4269; x_wconf 81' lang='lat' dir='ltr'>se</span> <span class='ocrx_word' id='word_1_381' title='bbox 373 4209 560 4270; x_wconf 86' lang='lat' dir='ltr'>coniunctam</span> <span class='ocrx_word' id='word_1_382' title='bbox 582 4211 696 4272; x_wconf 88' lang='lat' dir='ltr'>reddidi</span> <span class='ocrx_word' id='word_1_383' title='bbox 718 4219 748 4272; x_wconf 86' lang='lat' dir='ltr'>et</span> <span class='ocrx_word' id='word_1_384' title='bbox 769 4213 954 4280; x_wconf 80' lang='lat' dir='ltr'>unanimem,</span> <span class='ocrx_word' id='word_1_385' title='bbox 989 4231 1024 4272; x_wconf 88' lang='lat' dir='ltr'>ae</span> <span class='ocrx_word' id='word_1_386' title='bbox 1052 4212 1131 4272; x_wconf 85' lang='lat' dir='ltr'>olim·</span> <span class='ocrx_word' id='word_1_387' title='bbox 1152 4211 1212 4270; x_wconf 89' lang='lat' dir='ltr'>iam</span> <span class='ocrx_word' id='word_1_388' title='bbox 1242 4217 1344 4288; x_wconf 80' lang='lat' dir='ltr'>optato</span> <span class='ocrx_word' id='word_1_389' title='bbox 1371 4195 1512 4271; x_wconf 79' lang='lat' dir='ltr'>libertatis</span> 
     </span>
     <span class='ocr_line' id='line_1_39' title="bbox 152 4308 1512 4392; baseline 0.006 -28"><span class='ocrx_word' id='word_1_390' title='bbox 152 4308 302 4368; x_wconf 67' lang='lat' dir='ltr'>§.ntimo</span> <span class='ocrx_word' id='word_1_391' title='bbox 323 4310 501 4388; x_wconf 86' lang='lat' dir='ltr'>tandemque</span> <span class='ocrx_word' id='word_1_392' title='bbox 523 4312 662 4383; x_wconf 89' lang='lat' dir='ltr'>adsecuto</span> <span class='ocrx_word' id='word_1_393' title='bbox 684 4313 741 4372; x_wconf 87' lang='lat' dir='ltr'>lrui</span> <span class='ocrx_word' id='word_1_394' title='bbox 763 4314 847 4391; x_wconf 76' lang='lat' dir='ltr'>vmpi.</span> <span class='ocrx_word' id='word_1_395' title='bbox 891 4315 943 4374; x_wconf 86' lang='lat' dir='ltr'>His</span> <span class='ocrx_word' id='word_1_396' title='bbox 965 4320 1083 4391; x_wconf 87' lang='lat' dir='ltr'>oportet</span> <span class='ocrx_word' id='word_1_397' title='bbox 1103 4310 1244 4390; x_wconf 85' lang='lat' dir='ltr'>ampliora</span> <span class='ocrx_word' id='word_1_398' title='bbox 1257 4313 1386 4389; x_wconf 79' lang='lat' dir='ltr'>gesserit</span> <span class='ocrx_word' id='word_1_399' title='bbox 1400 4314 1450 4392; x_wconf 88' lang='lat' dir='ltr'>qui</span> <span class='ocrx_word' id='word_1_400' title='bbox 1468 4331 1512 4372; x_wconf 86' lang='lat' dir='ltr'>me</span> 
     </span>
     <span class='ocr_line' id='line_1_40' title="bbox 123 4405 1510 4503; baseline 0.004 -36"><span class='ocrx_word' id='word_1_401' title='bbox 123 4499 126 4503; x_wconf 14' lang='lat' dir='ltr'>y</span> <span class='ocrx_word' id='word_1_402' title='bbox 222 4409 276 4469; x_wconf 84' lang='lat' dir='ltr'>sibi</span> <span class='ocrx_word' id='word_1_403' title='bbox 299 4412 460 4471; x_wconf 72' lang='lat' dir='ltr'>sectandum</span> <span class='ocrx_word' id='word_1_404' title='bbox 484 4432 549 4475; x_wconf 85' lang='lat' dir='ltr'>esse</span> <span class='ocrx_word' id='word_1_405' title='bbox 571 4413 637 4474; x_wconf 88' lang='lat' dir='ltr'>velit</span> <span class='ocrx_word' id='word_1_406' title='bbox 659 4422 710 4475; x_wconf 87' lang='lat' dir='ltr'>aut</span> <span class='ocrx_word' id='word_1_407' title='bbox 732 4432 791 4493; x_wconf 92' lang='lat' dir='ltr'>quo</span> <span class='ocrx_word' id='word_1_408' title='bbox 812 4432 874 4492; x_wconf 77' lang='lat' dir='ltr'>praa</span> <span class='ocrx_word' id='word_1_409' title='bbox 896 4415 932 4475; x_wconf 87' lang='lat' dir='ltr'>ad</span> <span class='ocrx_word' id='word_1_410' title='bbox 956 4405 1159 4492; x_wconf 74' lang='lat' dir='ltr'>primamego</span> <span class='ocrx_word' id='word_1_411' title='bbox 1181 4411 1310 4491; x_wconf 89' lang='lat' dir='ltr'>palmam</span> <span class='ocrx_word' id='word_1_412' title='bbox 1332 4415 1434 4474; x_wconf 85' lang='lat' dir='ltr'>venire</span> <span class='ocrx_word' id='word_1_413' title='bbox 1454 4432 1510 4473; x_wconf 87' lang='lat' dir='ltr'>non</span> 
     </span>
    </p>
   </div>
   <div class='ocr_carea' id='block_1_3' title="bbox 220 4594 1507 4750">
    <p class='ocr_par' dir='ltr' id='par_1_3' title="bbox 220 4594 1507 4750">
     <span class='ocr_line' id='line_1_41' title="bbox 289 4594 1507 4665; baseline 0.002 -19"><span class='ocrx_word' id='word_1_414' title='bbox 289 4594 325 4627; x_wconf 59' lang='lat'>¹³¹</span> <span class='ocrx_word' id='word_1_415' title='bbox 346 4597 492 4661; x_wconf 63' lang='lat' dir='ltr'>Inguiom„</span> <span class='ocrx_word' id='word_1_416' title='bbox 510 4607 635 4664; x_wconf 77' lang='lat' dir='ltr'>utsupra</span> <span class='ocrx_word' id='word_1_417' title='bbox 651 4607 757 4650; x_wconf 79' lang='lat' dir='ltr'>receatt.</span> <span class='ocrx_word' id='word_1_418' title='bbox 815 4600 1055 4651; x_wconf 62' lang='lat' dir='ltr'>“construxerunt</span> <span class='ocrx_word' id='word_1_419' title='bbox 1073 4615 1166 4653; x_wconf 82' lang='lat' dir='ltr'>omnes,</span> <span class='ocrx_word' id='word_1_420' title='bbox 1224 4598 1282 4641; x_wconf 54' lang='lat' dir='ltr'>”Wi-</span> <span class='ocrx_word' id='word_1_421' title='bbox 1302 4599 1367 4664; x_wconf 83' lang='lat' dir='ltr'>ipse</span> <span class='ocrx_word' id='word_1_422' title='bbox 1387 4602 1507 4665; x_wconf 83' lang='lat' dir='ltr'>quamvis</span> 
     </span>
     <span class='ocr_line' id='line_1_42' title="bbox 220 4678 931 4750; baseline 0.011 -24"><span class='ocrx_word' id='word_1_423' title='bbox 220 4678 253 4726; x_wconf 92' lang='lat' dir='ltr'>de</span> <span class='ocrx_word' id='word_1_424' title='bbox 272 4694 301 4728; x_wconf 85' lang='lat' dir='ltr'>aa</span> <span class='ocrx_word' id='word_1_425' title='bbox 320 4696 374 4729; x_wconf 81' lang='lat' dir='ltr'>nou</span> <span class='ocrx_word' id='word_1_426' title='bbox 392 4684 520 4746; x_wconf 81' lang='lat' dir='ltr'>cogitans</span> <span class='ocrx_word' id='word_1_427' title='bbox 538 4684 677 4746; x_wconf 75' lang='lat' dir='ltr'>Huttenpa</span> <span class='ocrx_word' id='word_1_428' title='bbox 695 4686 931 4750; x_wconf 79' lang='lat' dir='ltr'>assedescripsit.</span> 
     </span>
    </p>
   </div>
   <div class='ocr_carea' id='block_1_4' title="bbox 0 0 1598 5422">
    <p class='ocr_par' dir='ltr' id='par_1_4' title="bbox 0 0 1598 5422">
     <span class='ocr_line' id='line_1_43' title="bbox 0 0 1598 5422; baseline 0 4"><span class='ocrx_word' id='word_1_429' title='bbox 0 0 1598 5422; x_wconf 95' lang='lat' dir='ltr'> </span> 
     </span>
    </p>
   </div>
  </div>
 </body>
</html>
