3188 5422
227 357 300 429 428
663 388 780 425 DldLOGl
801 390 1072 426 rsevnonv'rrnurct.

169 555 213 607 il·
287 550 424 606 Petrus.
458 548 587 624 Equidem
607 559 762 623 argenteam
785 549 885 607 clavem
912 548 1050 624 utcunque
1078 569 1213 624 agnosce,
1243 551 1307 608 licet
1328 560 1356 625 ct
1379 552 1464 608 solam
1486 562 1512 609 cl

223 635 310 691 mullo
332 635 489 692 dissimilem
514 635 546 689 iis
569 653 636 707 quus
656 634 720 691 olim
742 636 807 691 mihi
829 653 907 691 verus
927 635 972 692 ille
995 645 1089 710 pastor
1111 635 1232 693 ecelesiae
1253 637 1364 693 tradidit
1381 638 1511 694 Christus.

224 738 307 795 porro
326 737 455 776 coronam
478 721 555 775 istam
573 729 625 776 lain
645 720 789 794 superbam
810 721 856 794 qui
874 739 966 794 quaeso
990 723 1092 795 possim
1113 738 1268 795 agnoscere,
1290 739 1370 795 quiam
1391 740 1439 778 nec
1454 722 1512 778 bar·

224 806 304 862 barus
320 823 436 880 unquam
457 814 587 879 tyrannus
602 823 683 861 ausus
698 813 741 860 est
757 815 884 881 pestere,v
897 806 995 862 nedum
1008 805 1031 861 is
1047 808 1092 880 qui
1107 806 1159 862 huc
1170 806 1275 861 admitti
1291 807 1431 880 postulet?
1453 825 1512 863 nam

225 890 294 965 palla
317 892 368 946 ista
387 891 453 946 nihil
477 908 519 946 me
541 899 642 952 movet.
662 891 846 966 quigemrnas
869 899 897 946 et
917 908 1012 947 aurrmr
1035 891 1146 964 perinde
1164 899 1195 947 ut
1216 891 1314 959 rudera
1335 909 1443 966 semper
1456 893 1530 949 cul-⁵

169 976 309 1039 §.securim
328 985 409 1050 atquc
430 975 648 1051 contempserim.
693 974 745 1031 Sed
768 976 894 1049 quidest
916 975 986 1031 linc?
1015 976 1091 1032 rideo
1121 976 1220 1050 passim
1246 984 1273 1030 et
1298 976 1414 1033 inclusi
1437 978 1512 1033 etin

223 1077 323 1116 cirrona
349 1069 377 1116 ct
400 1061 426 1115 in
441 1060 524 1135 'palla
542 1069 621 1116 notas
640 1059 844 1116 sceleratissimi
862 1060 998 1134 cauponis
1008 1069 1035 1116 et
1052 1061 1223 1135 immemoris,
1246 1058 1299 1118 mei
1316 1062 1426 1135 quidem
1444 1080 1512 1135 prae·

225 1146 357 1208 nominis,
380 1147 427 1202 sed
453 1163 506 1201 non
530 1145 663 1207 instituti,
686 1144 815 1208 Simonis.
836 1163 916 1220 quem
938 1161 990 1218 ego
1010 1147 1143 1219 quondam
1158 1145 1257 1203 Christi
1274 1147 1404 1220 praesidio
1419 1147 1509 1203 deieci.

288 1230 408 1286 lulius.
441 1231 517 1286 lliltc
540 1246 626 1303 nugas
651 1230 732 1292 istas.
762 1231 784 1285 si
807 1231 894 1304 sapis:
922 1248 982 1285 nam
1004 1247 1070 1304 ego,
1099 1231 1121 1286 si
1144 1232 1247 1293 neseis,
1279 1249 1338 1287 sum
1362 1231 1446 1286 lulius
1469 1231 1510 1287 illc

224 1316 319 1389 Ligur,
341 1324 368 1371 et
391 1316 516 1388 agnoscis
537 1316 562 1370 ni
586 1313 668 1371 fuller
685 1315 752 1371 (luas
772 1314 865 1371 literas
876 1316 904 1370 Ρ.
921 1315 962 1376 ll„
987 1312 1037 1371 nisi
1060 1317 1169 1372 omnino
1192 1315 1298 1372 litteras
1313 1334 1370 1373 non
1384 1317 1536 1373 didicistilt

286 1401 419 1457 Petrus.
456 1400 615 1474 Significaut
633 1399 731 1473 opinor
752 1401 866 1456 ‘Pestem
889 1400 1043 1458 Maximam&
1122 1448 1123 1452 ,

286 1486 422 1542 Genius.
457 1484 494 1541 lla
518 1485 550 1541 ha
576 1485 623 1547 he,
646 1493 675 1540 ut
694 1484 736 1541 iric
758 1485 892 1540 divinator
915 1502 973 1541 rem
995 1503 1044 1542 acu
1066 1487 1165 1559 tetigit.

250 1587 253 1589 ·
286 1567 404 1627 luliris.
440 1571 522 1627 immo
543 1568 710 1625 ‘Pontificem
729 1569 885 1625 lianimnm'.

169 1669 214 1718 §.u
287 1656 420 1711 Petrus.
458 1655 492 1712 Ut
513 1663 554 1710 ter
573 1654 703 1710 maximus
726 1655 780 1717 sis,
802 1673 832 1711 ac
854 1655 939 1728 magis
959 1655 1038 1711 etiam
1061 1674 1141 1730 quarn
1162 1656 1311 1712 ldercurius
1329 1655 1377 1713 ille
1399 1657 1509 1713 Trisme-

223 1741 327 1813 gislns.
351 1741 403 1797 huc
425 1757 479 1795 non
503 1739 656 1814 recipieris,
679 1739 731 1794 nisi
756 1740 840 1795 lucris
860 1740 996 1813 optimus,
1017 1741 1069 1797 lroc
1090 1749 1132 1796 cst
1154 1751 1272 1797 sanctus.
1515 1748 1533 1787 1⁵

286 1825 410 1881 lulius.
446 1828 535 1899 Atque
557 1825 624 1880 adeo
646 1824 751 1897 siquid
772 1825 804 1881 ael
821 1842 880 1880 rem
897 1826 1016 1899 pertinet
1030 1825 1162 1900 appellari
1181 1835 1317 1887 sanctum,
1333 1827 1451 1882 mintium
1465 1827 1507 1882 irn-

223 1911 326 1985 pndcns
348 1928 391 1973 cs.
419 1911 465 1985 qui
494 1911 558 1966 milri
584 1909 720 1968 cuncteris
743 1910 851 1984 aperire
879 1910 966 1973 iores,
993 1929 1054 1966 cum
1077 1919 1106 1966 tu
1128 1919 1169 1967 tot
1191 1911 1242 1967 iam
1266 1911 1376 1967 saecralis
1398 1921 1507 1968 tantun·

222 1996 302 2051 morlo
325 1996 440 2052 Sanctus
460 1995 572 2057 dicaris,
594 2011 637 2050 mc
655 1993 747 2050 nullus
767 2011 884 2069 umquam
902 1996 1005 2050 vocarit
1027 1996 1079 2051 nisi
1102 1995 1315 2053 Sanctissimnm.
1356 2005 1450 2053 estant
1467 2014 1507 2053 scr

222 2079 305 2135 millio
328 2080 470 2137 bullarum.
1029 2101 1032 2108 ·

285 2165 425 2221 Genius.
462 2165 530 2221 Vere
546 2154 696 2222 'bullarum
1086 2197 1111 2211 ω
1511 2171 1528 2210 ²⁰

270 2250 403 2305 lulius.
440 2251 468 2306 ln
491 2250 591 2323 quibus
614 2266 668 2305 nen
691 2247 773 2305 semel
798 2249 994 2306 ‘sanctissimus
1016 2250 1149 2306 dominus'
1177 2251 1318 2313 nominor,
1351 2252 1436 2308 immo
1462 2252 1505 2306 ian

222 2334 377 2391 Smctitatis
400 2336 507 2390 nemine
525 2334 688 2396 denotabas,
708 2351 762 2389 nou
785 2333 888 2397 Sancti,
910 2342 942 2390 nt
965 2334 1092 2409 quicquid
1117 2335 1181 2392 milri
1204 2335 1339 2399 libuisset,

285 2419 421 2476 Genius.
457 2419 683 2475 Veltemulenlo.

285 2503 400 2561 lulius.
434 2505 459 2560 id
482 2505 651 2561 sanctitatem
675 2503 837 2559 sanctissimi
859 2503 960 2559 domini
983 2503 1044 2560 lulii
1067 2505 1187 2562 dicerent
1203 2505 1309 2561 iecisse.

167 2603 212 2653 tn.
282 2590 418 2645 Petrus.
455 2588 523 2657 Quin
546 2599 577 2645 tu
599 2589 684 2663 igitur
704 2588 739 2644 ab¹
758 2589 819 2644 istis
841 2588 1027 2645 adulatoribus
1049 2589 1143 2646 caelnm
1162 2589 1317 2664 postultto,
1342 2592 1391 2666 qrri
1412 2582 1555 2647 tesan-²²

221 2674 372 2731 missionum
387 2675 524 2737 iecerunt:
540 2684 567 2731 et
583 2673 662 2732 iidem
684 2673 805 2729 tribuant
819 2673 990 2736 felicitatem.
1010 2675 1055 2747 qni
1071 2675 1204 2732 dederunt
1219 2675 1406 2732 sancdtalem.
1423 2692 1504 2750 ,queo-

222 2776 302 2833 quem
325 2777 412 2834 usque
434 2762 499 2816 adeo
522 2760 590 2815 nihil
613 2760 753 2815 interesse¹
768 2770 877 2820 censes,
899 2759 998 2815 moeris
1020 2769 1130 2816 sanetus
1152 2777 1185 2814 an
1208 2760 1264 2815 sis?

283 2845 406 2901 lulius.
448 2845 557 2901 lrritor:
587 2844 714 2899 simodo
737 2844 825 2899 virere
848 2842 984 2905 licuisset,
1010 2861 1063 2915 ego
1090 2844 1139 2899 tibi
1166 2845 1243 2899 islam
1264 2861 1318 2901 nec
1341 2847 1533 2902 saccutum

222 2929 381 2992 inviderem.
406 2948 454 2987 nec
477 2930 641 2987 felicitatem.
1348 2989 1355 3003 ,

262 3036 264 3040 ’
284 3015 416 3071 Petrus.
446 3016 469 3071 0
487 3032 578 3071 vernem
601 3013 777 3071 sanctissimae
792 3013 890 3069 mentis
905 3014 1034 3070 indicem!
1059 3031 1210 3088 quiunquam
1230 3013 1387 3089 conloqui
1411 3032 1464 3089 epo
1485 3024 1533 3070 tiz

223 3100 375 3156 iamdudum
397 3100 483 3157 oculis
506 3108 592 3157 tetum
617 3097 782 3156 collustrans
811 3097 923 3154 multem
948 3099 1106 3173 impictatis,
1134 3098 1234 3155 nnllam
1263 3099 1290 3154 in
1316 3109 1347 3156 te
1369 3102 1583 3157 serretimo‘

167 3183 213 3233 1-8·
223 3184 274 3239 niae
297 3194 388 3241 nolam
409 3186 607 3241 animadverto:
628 3184 692 3257 quid
707 3183 777 3239 enim
792 3183 851 3251 ‚sthi
874 3183 931 3239 vult
952 3201 1036 3239 novus
1050 3184 1107 3239 iste
1121 3184 1280 3246 comitatus.
1304 3193 1361 3241 tarn
1376 3203 1432 3242 non
1449 3199 1580 3260 pond

222 3267 338 3324 tiiicius?
367 3287 427 3326 nam
457 3270 551 3343 viginti
574 3270 657 3325 ferme
680 3268 762 3325 millia
787 3277 874 3324 tecum
897 3268 1020 3331 adducis,
1049 3286 1098 3324 nec
1119 3268 1257 3324 ullum-in
1278 3279 1353 3326 tanta
1374 3272 1578 3346 conmutat

222 3352 301 3408 turha
321 3355 365 3410 cui
380 3354 420 3410 rel
443 3355 534 3411 uultus
556 3354 592 3410 sit
608 3354 787 3411 christianus:
815 3353 896 3409 video
916 3353 1080 3409 teterrimam
1101 3353 1240 3411 hominum
1261 3353 1423 3418 colluviem,
1449 3343 1575 3412 nihi!

221 3446 321 3510 praeter
343 3439 474 3502 fornices,
499 3448 626 3496 temetum
651 3457 680 3495 ac
702 3437 840 3513 pulverem
863 3437 1066 3494 hembardicum
1089 3436 1229 3494 olentium.
1263 3437 1388 3496 latrones
1409 3429 1590 3497 condo-‘⁸⁵

221 3521 294 3577 ctitii
315 3523 379 3579 milri
397 3524 536 3587 ridentur,
558 3523 600 3584 rel
622 3523 702 3580 larrae
724 3523 817 3617 potins
840 3531 978 3585 tartarce,
1000 3523 1053 3579 huc
1075 3522 1108 3579 ab
1128 3523 1225 3579 inieris
1245 3524 1368 3587 emisses,
1393 3535 1427 3582 ut
1447 3525 1551 3583 cult)

219 3636 421 3649 m..-

288 3686 296 3720 ¹
315 3687 471 3750 solummel,
492 3695 520 3739 et
539 3693 579 3739 10.
630 3686 726 3738 ²mihi
742 3695 801 3753 post
821 3688 1035 3739 ecclesioe‘dadel
1047 3692 1073 3739 2.
1091 3689 1131 3739 dia
1148 3688 1230 3748 mihi,
1247 3696 1307 3753 poet
1327 3690 1393 3740 olim
1412 3699 1439 3741 ei
1456 3690 1541 3757 pasl

221 3772 363 3826 ecci-id.
415 3772 1203 3840 ⁵qrridemposlpallaadd.2.3.8.11.,non1.5.10.15.
1256 3789 1367 3839 semper
1385 3778 1533 3826 011ιί3λὸ-

219 3858 442 3917 ⁶eontemserim.
456 3862 496 3909 10.
532 3857 561 3890 ⁷·⁸
571 3855 711 3924 priunum]
726 3859 810 3930 Simon
831 3859 931 3911 Petrus.
945 3860 977 3909 de
990 3858 1090 3908 Simone
1103 3859 1182 3923 diupo
1200 3859 1235 3929 eps.
1249 3860 1310 3916 Aci.
1326 3861 1423 3924 Aperi.
1438 3860 1522 3911 vlu.

218 3941 243 3993 9,
257 3959 315 4010 sqq.
370 3944 390 3977 ¹⁰
408 3944 514 4005 literne,
533 3945 581 3993 sed
597 3950 646 3991 trun
664 3942 774 3993 litteras
793 3946 816 3991 1.
874 3946 1102 3993 non1.5.10.15.
1126 3940 1451 4000 ntrlloe2.3.8.etrett.
1473 3961 1525 3995 ce·
1584 3990 1588 4001 ,

219 4031 332 4079 teriora
344 4029 476 4079 lecridere
488 4032 681 4092 solentprrrter
693 4031 733 4078 15.
771 4025 789 4059 ¹¹
804 4026 968 4093 Significure
982 4030 1006 4077 2.
1021 4033 1046 4076 et
1058 4034 1117 4078 cell.
1138 4027 1336 4094 Signifioarent
1351 4032 1391 4091 15.
1429 4028 1451 4062 ¹¹
1468 4030 1517 4079 Ha

219 4113 255 4165 he
273 4113 309 4164 hn
327 4117 352 4164 2.
365 4121 425 4165 cell.
496 4111 516 4144 ¹⁴
534 4105 732 4178 τρισμὲγιστος,
752 4117 796 4161 ter
812 4113 960 4175 maximus,
987 4112 1113 4162 Mercurii
1128 4112 1256 4177 Aepyptii
1272 4113 1426 4175 adpeilntio,
1446 4109 1515 4180 qood

217 4214 322 4248 aremius
333 4198 503 4263 philosophus,
517 4200 639 4248 sacerdos
651 4203 676 4246 et
688 4212 739 4247 ren
751 4202 825 4245 esset.
861 4197 1127 4275 'srimegist11s3,ii.
1164 4195 1185 4228 ¹⁷
1199 4193 1281 4246 [ocul.
1290 4199 1313 4246 1.
1323 4200 1350 4247 3.
1359 4202 1384 4247 5.
1392 4201 1417 4249 8.
1423 4181 1461 4247 m'.
1470 4198 1507 4247 11.

217 4282 330 4332 scribere
342 4287 431 4335 solent.
479 4281 499 4314 ¹⁰
513 4281 590 4334 milio
607 4288 677 4331 reete
689 4286 714 4330 ct
726 4283 752 4330 in
763 4297 820 4347 epp.
840 4283 913 4330 etiem
926 4284 951 4329 2.
960 4284 985 4331 3.
994 4284 1017 4331 8.
1039 4280 1083 4330 Eae
1096 4284 1119 4329 1.
1139 4281 1233 4330 retinui
1249 4280 1277 4338 ll,
1296 4289 1325 4329 ui
1337 4285 1503 4333 1101111.

218 4364 240 4396 ²³
259 4365 309 4415 Vel
328 4370 480 4419 rurum.
499 4367 591 4416 Etiam
610 4370 634 4415 2.
649 4373 708 4425 celt-
743 4364 765 4396 ²³
784 4365 872 4416 celum
886 4369 908 4414 1.
922 4368 1009 4428 ceteri,
1029 4368 1104 4415 etiam
1116 4368 1167 4424 10,
1184 4371 1267 4415 solent
1282 4364 1344 4415 cml.
1392 4364 1415 4398 ²⁸
1434 4366 1501 4416 felic.

220 4453 274 4500 1.5.
283 4453 418 4500 10.11.15.
432 4453 512 4501 celeri
523 4451 586 4508 leel.
600 4458 625 4501 et
643 4456 668 4500 in
679 4467 736 4517 sqq.
764 4449 793 4513 ,²⁹
811 4451 907 4516 uiuere
920 4450 998 4501 inodo
1011 4452 1070 4500 2..1.
1089 4450 1202 4512 uincere
1221 4449 1299 4501 modo
1312 4453 1388 4502 8.11.
1423 4442 1446 4482 ³⁰
1457 4465 1499 4516 ego

219 4539 246 4582 te
264 4535 336 4587 ontis.
349 4537 372 4586 1.
430 4532 452 4564 ³⁶
472 4536 575 4585 eruisse
592 4539 617 4585 1.
638 4537 674 4597 (ut
690 4540 755 4585 solet
773 4551 802 4585 se
821 4551 869 4600 pro
888 4551 939 4596 sae,
958 4536 1008 4599 aed
1023 4549 1054 4584 ru
1066 4550 1201 4599 operarum
1214 4550 1305 4584 errore
1320 4551 1373 4601 pro
1387 4535 1434 4599 mi)
1448 4536 1497 4584 1.1,

218 4622 243 4668 5.
252 4619 277 4666 8.
284 4621 324 4667 10.
334 4621 374 4667 11.
383 4621 423 4670 15.
439 4620 543 4671 eruisse
561 4620 635 4672 imbri
654 4622 728 4669 etiam
746 4623 775 4678 2,
799 4622 847 4670 sed
864 4618 998 4684 eripuisse
1021 4620 1198 4691 corripendum
1216 4634 1272 4668 esre
1290 4622 1316 4675 iu
1331 4622 1385 4682 line
1402 4622 1497 4679 adnota-

219 4708 269 4749 tum
286 4706 332 4759 esi,
351 4707 376 4749 et
388 4703 426 4751 ric
438 4703 570 4753 dederunt.
594 4704 761 4761 Tolerabilior
775 4705 869 4767 suisset
888 4705 1011 4780 erupisse
1023 4706 1071 4754 sed
1083 4705 1191 4759 cmiesae
1204 4704 1302 4753 dubium
1316 4721 1368 4768 aron
1379 4704 1494 4771 relinquit.
