3232 5422
258 344 330 415 312
419 356 495 405 VIII.
565 370 655 404 avana
676 370 879 408 navaturus.
933 370 1279 408 nraaoovsuvrrsurcvs.
1308 357 1392 421 (tato.)

320 545 501 589 erasurus„
521 524 557 584 Et
579 523 631 584 tibi
654 540 708 599 ego
733 524 872 592 vicissim,
896 522 1074 603 loquendum
1098 545 1162 587 esse
1185 527 1256 587 mibi
1279 528 1381 595 bodie,
1406 529 1436 586 ni
1458 526 1546 587 veliin.

259 648 349 684 amasio.
387 623 394 692 Ι
417 635 449 687 ut
471 626 596 704 Amyclis
619 624 687 685 olim
711 626 846 701 contigit,
871 626 994 686 tacendo
1017 629 1123 704 perire.

202 745 248 795 §.t
322 751 432 792 Bt'bua.
471 727 546 787 Turn
570 727 640 805 quid
662 725 842 804 loquendum
866 728 1014 788 existimas
1040 731 1147 805 igitur?

322 850 484 892 masuras.
524 830 565 889 lle
587 836 631 897 te,
654 846 761 907 magno
784 828 927 909 clamore,
951 830 1029 908 qnod
1053 831 1090 890 ad
1112 832 1337 909 opprimendam
1360 852 1408 893 me
1424 835 1545 893 accincta

258 942 286 994 ot
309 933 445 1011 expedita
469 933 526 992 lruc
548 932 655 992 verrios.
891 962 893 964 v
1553 947 1562 982 s

320 1056 431 1096 atrata.
470 1035 564 1111 Atque
586 1033 682 1110 ipsum
706 1033 752 1092 cui
774 1031 921 1110 loqueris?

321 1155 487 1196 sisennas.
524 1135 679 1196 Germanis
699 1134 746 1193 bic
769 1132 915 1193 omnibus.
977 1145 981 1148 ⁴

322 1258 433 1298 avaria,
471 1236 526 1308 Qui
555 1236 680 1296 obnoxie
710 1235 780 1295 mihi
808 1235 952 1301 serviunt,
995 1236 1072 1312 apud
1102 1235 1157 1294 bos
1191 1236 1344 1315 querelam
1375 1244 1478 1296 contra
1504 1256 1545 1296 mc

257 1339 409 1399 institues?
750 1400 754 1408 ,

321 1458 484 1500 iuuencas.
523 1437 577 1508 Oui
602 1439 651 1498 tibi
674 1439 821 1498 serviunt?
852 1439 1033 1498 orralariam
1058 1458 1173 1507 vocem,
1197 1457 1215 1497 o
1237 1457 1302 1498 rena
1317 1439 1566 1501 minimatum-n

259 1524 439 1615 fissgfflssffilffl
463 1540 544 1616 dam,
569 1539 621 1599 tibi
642 1540 692 1599 tali
715 1540 879 1600 Gcrnranos
901 1541 1022 1622 servire·
1035 1520 1145 1600 dicere!
1179 1540 1295 1609 audite,
1320 1539 1478 1609 Germani,
1499 1560 1543 1600 au·

225 1622 227 1626 ,
259 1641 318 1701 dite
341 1643 444 1718 iugens
467 1641 629 1720 piaculum,
654 1643 756 1701 vestris
779 1640 896 1720 (pridem
919 1640 1071 1716 indignum
1099 1641 1234 1710 auribuS,
1263 1641 1316 1701 sed
1345 1642 1543 1704 vindicandum

258 1743 410 1812 manibus,
434 1743 497 1803 baec
520 1744 631 1805 servire
654 1743 710 1802 sibi
733 1761 783 1801 vos
806 1741 906 1802 iactat:
931 1750 1067 1819 enecato,
1090 1744 1249 1820 proterite,
1274 1741 1449 1804 maledicam
1464 1745 1544 1803 inter·

259 1845 392 1921 stringite
415 1845 531 1924 gulam!

205 1958 250 2009 ts.
324 1967 435 2010 araas
472 1946 600 2009 Pulchre
622 1947 725 2024 incipis
747 1945 855 2008 malum
879 1943 1036 2008 conciliare
1058 1944 1119 2004 tibi.
1559 1953 1608 1993 ¹2·

327 2070 504 2110 urbanens-
529 2048 594 2108 Tibi
618 2046 709 2108 multo
732 2047 830 2107 adlmc
852 2045 993 2124 pulcrius.
1086 2097 1088 2101 ,

322 2172 432 2210 avana.
471 2150 546 2222 Quid
569 2152 626 2218 ais,
650 2148 796 2209 stabulum
819 2149 934 2225 flagitii,
959 2155 990 2208 tu
1006 2148 1075 2208 milri
1092 2147 1261 2208 conciliabis
1277 2148 1388 2210 rnalum
1405 2149 1546 2227 utiquam?

323 2271 488 2312 erasurus.
526 2251 600 2320 utria
623 2252 681 2318 ais,
706 2251 772 2310 lous
794 2252 854 2312 vitii
875 2257 917 2309 ct
925 2251 1060 2326 periurii,
1092 2249 1142 2321 tibi
1164 2269 1219 2327 ego
1242 2268 1317 2318 non,
1349 2269 1405 2327 pro
1429 2261 1476 2311 tna
1499 2251 1545 2308 ista

259 2352 407 2412 maliciosa
430 2354 549 2413 dermnn
572 2350 697 2411 malitia?

321 2474 432 2514 avrea.
471 2453 507 2512 Et
528 2454 598 2512 dum
622 2453 750 2516 ferocem
772 2459 800 2513 te
822 2452 894 2513 mibi
917 2453 1003 2521 lacis,
1027 2453 1125 2512 intima
1148 2468 1249 2514 rerum
1273 2453 1426 2513 omnium?

324 2575 488 2617 arasnras.
527 2555 602 2627 Quid
626 2555 655 2612 ni
678 2554 797 2622 faciam,
822 2555 868 2614 cui
891 2555 1028 2614 saevitiam
1051 2561 1081 2613 tu
1104 2553 1259 2614 obtendis?

204 2673 249 2722 us.
324 2677 435 2718 avenn.
463 2659 556 2729 Quam
571 2664 604 2716 tu
619 2658 762 2734 provocas
774 2655 903 2716 clamore
919 2659 973 2716 isto
990 2663 1055 2715 tiro:
1072 2674 1140 2715 uam
1155 2655 1225 2734 quid
1240 2655 1276 2715 ad
1292 2662 1331 2723 te,
1349 2656 1430 2734 ‹yutid
1446 2656 1547 2716 Lntbe·

258 2756 439 2843 yffiffssssylssssyfiy
454 2760 462 2831 Ι
477 2776 544 2818 rum
561 2776 614 2834 ego
630 2760 783 2835 quesitum
800 2758 857 2818 lruc
873 2757 994 2834 adveni?
1017 2758 1085 2836 quid
1102 2764 1130 2817 te
1145 2758 1292 2816 immisces
1303 2756 1400 2817 alieno
1413 2757 1548 2835 riegoctot

322 2881 484 2922 mar-raras.
522 2861 611 2932 Quasi
633 2859 756 2919 dubium
776 2878 847 2919 vero
869 2861 907 2918 sit
928 2878 1016 2936 quarn
1038 2877 1101 2920 rern
1124 2877 1194 2936 agas
1216 2876 1283 2918 curu
1299 2859 1464 2919 Lutherum
1486 2877 1547 2937 per·

258 2963 341 3040 sequi
364 2968 392 3022 te
415 2962 502 3030 dieis,
526 2969 576 3023 aut
597 2960 785 3022 manifestum
808 2961 926 3020 nonsit
949 2960 985 3019 ad
1008 2960 1064 3019 lroc
1086 2961 1199 3021 venisse
1222 2966 1264 3028 te,
1293 2966 1327 3020 ut
1349 2960 1464 3020 vincula
1487 2960 1544 3020 inii·

259 3064 318 3122 cias
340 3064 425 3133 mihi,
449 3071 478 3124 et
500 3061 669 3141 despicabili
692 3062 831 3121 servitute
847 3062 987 3121 irretitam
1005 3062 1111 3121 reddas
1126 3061 1324 3121 Germaniam
1364 3061 1394 3120 id
1410 3061 1487 3141 qnod
1502 3080 1546 3121 me

260 3171 337 3223 vetas
359 3165 486 3242 prodere
510 3173 539 3224 ct
562 3163 690 3225 elaurore
712 3161 807 3241 palam
831 3164 928 3223 lacere
950 3161 1099 3240 prohibes.

321 3287 432 3327 avana.
472 3266 545 3325 Utile
568 3266 620 3325 tibi
644 3272 701 3332 est,
727 3271 757 3324 ut
780 3272 876 3324 taceas
898 3264 996 3325 mode.

322 3387 485 3428 erasurus.
524 3368 624 3445 Neque
648 3367 819 3434 borrcslum,
843 3385 938 3443 neque
961 3365 1039 3425 utile.

322 3487 433 3528 avana.
471 3469 506 3526 At
528 3467 656 3528 clamare
679 3468 795 3528 desines
817 3469 930 3532 statim,
955 3466 1158 3545 qualecunque
1180 3467 1209 3526 id
1232 3468 1319 3544 ctiam
1343 3475 1397 3527 est.

205 3585 240 3633 §.a
322 3588 484 3629 bisannas.
524 3568 585 3646 ugo
608 3588 677 3628 sero
700 3569 817 3647 loquar,
842 3577 1071 3647 quantocunque
1093 3569 1179 3629 etiarn
1200 3568 1344 3646 periculo.

324 3821 335 3853 ²
353 3821 470 3888 Amyci]
490 3823 572 3887 Verg.
587 3821 654 3872 Aen.
668 3821 701 3872 X.
715 3822 774 3872 564.
793 3822 868 3884 „Qun
887 3823 941 3871 tuit
959 3821 1126 3871 Ausonidum
1145 3823 1173 3871 et
1197 3823 1294 3871 tacitis
1318 3824 1449 3887 regnavit
1472 3822 1547 3885 Amy-

258 3905 336 3956 clis¹'.
373 3906 745 3957 ai1.1set.1³un.v111.530.
775 3922 971 3971 ‚,...quasque
998 3912 1123 3957 evertere
1147 3907 1273 3967 silentia,
1299 3907 1451 3970 Amyclsa'l.
1488 3909 1547 3956 Per

256 3992 335 4057 vigil.
355 3993 423 4042 Ven.
441 3992 483 4042 92.
514 3992 581 4053 „Sic
599 3992 744 4055 Amyclae,
771 4007 832 4041 curn
856 3997 995 4053 tacerent,
1025 3991 1147 4056 perdidit
1166 3991 1341 4046 vellentium&
1388 3994 1432 4044 De
1455 3991 1548 4041 tacitis

254 4077 376 4140 Amyclis
395 4078 499 4127 videsis
511 4078 615 4142 Heynii
634 4094 692 4126 exc.
708 4076 742 4125 ad
755 4077 859 4141 Vergil.
872 4077 891 4141 l.
906 4094 944 4137 c.,
965 4077 1012 4128 tabi
1031 4081 1128 4126 contra
1145 4078 1225 4127 varia
1238 4076 1328 4125 Servii
1348 4075 1383 4124 ad
1402 4076 1428 4131 b.
1443 4075 1461 4124 l.
1481 4092 1548 4125 eom·

228 4161 233 4175 ¹
259 4166 353 4210 menta
371 4162 404 4211 de
423 4162 573 4211 Laconicis
592 4160 712 4224 Amyclis
732 4161 869 4209 Lucilium
888 4161 990 4212 dixisse
1010 4162 1086 4211 ‘Mihi
1106 4177 1220 4211 necesse
1240 4166 1283 4210 est
1301 4161 1392 4225 loqui:
1413 4161 1548 4210 namacio

253 4245 383 4308 Amyclas
402 4247 521 4295 tacendo
539 4246 675 4311 periisse’.
711 4245 753 4294 Ab
772 4247 859 4311 Aspre
879 4244 996 4294 relatum
1015 4252 1070 4307 cst,
1090 4229 1212 4309 Amyclis
1232 4261 1291 4295 curn
1306 4245 1548 4309 frequentersolso

254 4332 448 4379 nuntiarentur
466 4324 560 4380 hostes
579 4334 607 4379 et
625 4330 703 4378 iuani
721 4332 832 4379 terrore
846 4331 948 4379 ciuitas
967 4336 1158 4395 qrrussaretur‚
1183 4330 1242 4379 lata
1265 4328 1329 4395 lege
1350 4335 1461 4379 cacatum
1481 4346 1546 4389 csse,

254 4429 288 4462 ne
303 4415 363 4478 quis
382 4431 501 4479 unquam
519 4415 607 4464 hostis
625 4415 768 4463 nuntiaret
781 4416 936 4464 adventum.
947 4473 949 4480 A
962 4421 1060 4480 postca
1080 4430 1140 4465 curn
1153 4431 1218 4466 vere
1231 4415 1320 4464 bostis
1332 4416 1457 4477 venirat,
1477 4414 1549 4464 nullo

253 4500 398 4548 nuntiante
414 4515 445 4547 ex
459 4500 607 4564 improviso
620 4499 720 4549 civitas
733 4506 817 4564 capta
831 4506 881 4550 est.
913 4501 984 4549 {inde
998 4501 1130 4562 „tacitae”
1143 4500 1264 4564 Amyclas
1282 4500 1367 4550 dictae
1386 4508 1462 4563 aunt,
1481 4499 1552 4565 quod

253 4579 362 4632 dorierc
379 4583 502 4632 silentio.
535 4583 652 4633 Italicas
670 4584 799 4648 Amyclas
818 4590 961 4649 serpentes
985 4585 1156 4636 deleverunt.
1204 4583 1546 4646 ¹²>1¹1autA111.1V.4,c.·.

254 4664 307 4696 ¹²⁴⁸
329 4667 420 4716 Plaut.
441 4668 523 4717 Trnc.
536 4668 646 4729 11.7,n.
661 4675 688 4718 ct
700 4680 734 4718 at.
788 4669 810 4701 ²⁰
828 4669 918 4735 Rlaut.
933 4669 1013 4719 Orare„
1028 4670 1073 4719 lV.
1086 4666 1237 4726 acuon.
1251 4670 1298 4719 1v-.
1312 4671 1367 4732 Qu.
