3232 5422
251 383 341 434 Vllll.
412 397 538 433 sosrrou
558 397 671 432 rnruvs.
742 398 881 435 ersmers
901 399 1083 435 uvrrsmcvs.
1113 384 1196 450 (iseo)
1293 371 1363 442 341

62 551 175 619 hodie,
206 552 278 612 nihil
302 555 481 614 contuerimn
505 549 607 629 mogis'
621 552 791 631 cognovisse
818 548 911 614 dices:
940 553 986 614 dic
1007 555 1085 616 *milri
1114 558 1208 627 enlm,
1238 557 1368 636 Evange-

65 653 142 714 lium
172 654 314 733 predicet
336 654 473 714 Decimus
503 654 578 724 Leo,
608 661 637 715 et
665 666 790 730 regnum
818 655 864 715 dei
893 656 970 714 inter
1000 664 1103 733 gentes
1135 654 1366 742 lffitffigvffip‘w’

66 754 248 816 adnunciat?

134 877 287 919 semron.
325 856 388 918 Hoc
411 858 496 918 insist
518 859 595 934 ipse,
625 875 691 917 cum
721 864 764 916 tot
792 857 959 918 discurrant
985 860 1092 938 passim
1116 859 1433 930 transcursionem.

42 959 263 1038 ⁵qnorumjl>i
286 977 376 1038 opero
399 960 441 1018 uti
464 957 549 1019 lieet?
628 988 630 992 ·
1168 1028 1169 1031 Ἴ

132 1080 308 1122 perennes.
345 1062 381 1119 dt
403 1059 482 1120 ncilla
505 1060 559 1120 eliu
582 1062 695 1121 ratione
717 1068 768 1120 eret
791 1060 835 1119 luis
850 1060 1004 1121 Fratribus
1019 1070 1069 1121 cert
1084 1081 1156 1141 quo
1179 1060 1187 1146 Ι
1209 1061 1363 1138 ,ξξζῇξξῃζῇ““·

68 1162 112 1220 vis
135 1161 370 1222 Clrristienorum
394 1164 487 1222 maior
509 1162 631 1222 iudicari
654 1161 758 1230 (leiim,
781 1179 869 1240 wem
893 1163 970 1241 quud
994 1163 1051 1223 huc
1072 1167 1269 1243 magis-quum
1285 1166 1364 1241 quis·

69 1281 127 1341 que
150 1261 224 1322 elius
244 1263 346 1331 taciem
369 1281 466 1342 neque
489 1258 627 1342 princeps
650 1282 713 1326 osse
726 1264 944 1342 ‘Episcopcrnm
966 1265 1044 1325 ineni
1067 1266 1184 1326 nmnine
1205 1248 1313 1334 uehet‚'
1331 1282 1364 1325 re

68 1371 159 1441 etque
181 1382 272 1443 opere
295 1365 399 1433 debet,
430 1367 533 1442 utqui
555 1367 693 1426 attentius
715 1366 862 1443 inspiciet,
891 1364 1058 1441 diligentius
1081 1375 1178 1438 curet,
1212 1366 1364 1428 sollicitius

39 1464 222 1543 ioauugitee
245 1468 294 1544 qui
318 1467 507 1527 commissum
530 1466 586 1526 sibi
609 1484 728 1544 gregem
751 1468 855 1528 ansius
877 1474 977 1544 postor
1001 1465 1117 1545 vigiliis,
1141 1486 1224 1538 curn,
1255 1467 1363 1528 lobori-

67 1566 125 1627 hus
153 1576 242 1644 atque
269 1571 348 1629 omni
376 1575 481 1628 consto
511 1574 608 1629 servet
642 1576 670 1627 et
703 1567 848 1629 detondet.
894 1587 961 1628 nem
997 1571 1026 1629 in
1060 1571 1259 1629 mercenarios
1278 1570 1363 1629 ¹istos

67 1670 192 1728 relicere
215 1687 317 1730 curem
339 1669 415 1729 hanc
437 1687 496 1729 non
519 1670 655 1749 Episcopi
679 1679 737 1739 est,
765 1670 816 1729 sed
839 1671 902 1730 eius
925 1672 974 1748 qui
998 1670 1206 1749 Episcopatum
1235 1671 1362 1749 deponat

66 1776 96 1830 et
117 1769 156 1829 sl)
179 1771 236 1831 lroc
259 1790 290 1831 se
312 1771 428 1832 abdicet
449 1771 554 1832 officie.

130 1892 282 1935 semron.
320 1873 411 1951 Igitur
440 1890 498 1932 non
529 1873 569 1931 vis
598 1872 665 1951 plus
698 1890 784 1950 posse
818 1872 899 1934 illum
923 1872 1092 1940 Summum,
1127 1891 1214 1950 qurum
1244 1872 1430 1950 tigss'ffltu.

31 1972 141 2034 saltos
168 1974 278 2052 ubique
300 1973 480 2054 Episcopus?

129 2095 304 2137 scrupeus.
343 2076 493 2154 Siquidem
516 2094 649 2136 summus
672 2094 735 2137 esse
758 2076 877 2144 delicat,
891 2103 894 2111 ¹
908 2075 975 2155 plus
999 2076 1100 2143 relim;
1128 2076 1179 2136 sed
1203 2074 1273 2135 illud
1295 2075 1362 2154 plus

65 2196 156 2256 posse
178 2179 310 2238 iuvandis
333 2178 461 2239 fidelium
484 2180 602 2247 animis,
626 2196 684 2237 non
709 2178 857 2254 granando
880 2177 1169 2257 populoChristiano
1191 2179 1360 2246 aestimetur,

65 2280 227 2356 quinetiam
250 2297 309 2356 quio
332 2288 377 2340 est
398 2277 613 2358 praecellentior
636 2280 815 2358 Episcopus,
847 2279 903 2339 hoc
926 2280 1018 2357 retegis
1041 2297 1142 2338 cerrum
1170 2279 1281 2339 hebere
1310 2280 1360 2340 de·

66 2380 133 2449 bet,
159 2399 226 2440 cum
248 2383 321 2441 sciet
342 2381 575 2459 dispensatorem
600 2399 718 2442 essese
740 2382 783 2441 rei
805 2381 920 2450 olienae,
950 2391 983 2442 ut
1011 2389 1078 2459 apte
1107 2381 1171 2441 nlti-
1200 2392 1207 2460 Ι
1236 2379 1358 2465 ῗζζξξξζξῑζ,,

19 2483 145 2541 *suurn
160 2482 263 2549 iaciat,
289 2482 457 2543 redditurus
472 2484 548 2562 opud
565 2501 699 2544 severius
720 2482 848 2543 iudicem
871 2489 1022 2562 gestorum
1045 2483 1202 2551 rationem,
1227 2485 1275 2561 qui
1298 2482 1360 2542 leu-

64 2583 147 2645 danie
170 2583 289 2662 quidem
312 2582 427 2644 lidelem
451 2573 533 2645 illem
556 2592 585 2644 et
607 2585 760 2663 insegnifice
782 2584 916 2653 iubebit,
942 2604 1008 2646 eum
1032 2603 1102 2645 vero
1126 2586 1174 2662 qeri
1197 2585 1288 2644 ollitio
1304 2601 1358 2643 suo

63 2704 119 2763 per
135 2684 340 2762 segnitiemet
362 2684 463 2747 luxum
487 2686 626 2756 deluerit,
650 2686 756 2746 dividet
778 2694 951 2765 partemque
974 2688 1037 2746 eius
1058 2692 1149 2764 ponet
1171 2704 1237 2745 erim
1254 2685 1355 2745 inlide-

63 2785 152 2846 libus.
191 2783 265 2846 sudi
289 2804 374 2856 vero,
398 2788 466 2864 quia
488 2788 525 2848 de
547 2789 627 2848 Petri
649 2788 870 2848 successoribus
893 2790 1004 2866 agitur,
1034 2786 1135 2866 quoles
1162 2786 1210 2847 ille
1233 2785 1426 2846 soluentem

62 2906 129 2949 esse
154 2887 495 2966 compresbiteros'suos
518 2896 547 2950 et
568 2907 770 2950 successores:
795 2888 925 2950 ‘Pascite'
949 2891 1043 2966 inquit
1066 2895 1215 2967 ‘quantum
1232 2889 1261 2946 in
1278 2886 1359 2946 vohis

15 2998 110 3050 2⁵est
134 3007 256 3067 gregem
279 2987 400 3058 Clirlsti,
425 3008 483 3048 non
507 2997 621 3058 coacte,
645 2991 696 3050 sed
719 2991 861 3061 volentes,
892 3009 949 3050 non
973 2991 1099 3070 turpiter
1121 2990 1190 3049 alle·
1213 3001 1221 3070 Ι
1242 2986 1358 3072 {gsstssssfw

63 3098 181 3151 etentes
204 3088 335 3159 lucrum,
358 3092 409 3172 sed
433 3109 582 3171 propenso
604 3092 716 3160 animm
747 3110 845 3171 neque
868 3111 922 3152 eeu
945 3092 1096 3152 dominum
1120 3095 1292 3152 exercentes
1307 3089 1357 3149 od·

62 3209 169 3252 versus
191 3190 304 3261 cleros,
328 3193 380 3253 sed
402 3195 445 3253 sic
466 3201 508 3282 ut
521 3195 582 3254 sitis
605 3192 782 3272 exemplaria
804 3194 919 3272 gregis'.
956 3260 963 3269 ,
1361 3202 1362 3212 ¹

127 3312 279 3354 mousson.
317 3294 407 3356 llecte
431 3295 510 3372 legio
532 3304 576 3362 te,
601 3302 633 3356 ut
654 3295 782 3356 abscindo
804 3304 981 3356 monentem.

128 3407 303 3456 nvrnnnvs.
342 3397 378 3456 dt
401 3414 460 3456 non
484 3396 616 3473 lugeres.
640 3399 664 3456 si
686 3396 833 3457 Christum
856 3399 939 3475 sequi
963 3395 1059 3458 velles.
1098 3397 1271 3457 [licitorum
1287 3394 1359 3470 milri

15 3503 180 3565 ananum,
205 3495 342 3557 Decimus
364 3496 423 3557 Leo
446 3517 512 3558 cum
537 3505 565 3558 et
586 3497 704 3558 biennio
727 3498 763 3558 ab
786 3498 855 3581 hinc
879 3500 985 3559 iratres
1006 3517 1076 3559 suos
1092 3497 1261 3559 Cardineles
1281 3499 1360 3558 occi-

64 3597 142 3658 derit
164 3604 194 3657 et
216 3597 373 3658 Urbinensi
397 3598 489 3670 bello,
524 3607 557 3658 ut
585 3601 747 3677 principem
777 3600 887 3661 luceret
916 3598 1088 3679 nepotulum
1117 3618 1219 3668 suum,
1253 3599 1360 3660 multus

66 3699 228 3777 perdiderit
252 3701 378 3770 animes,
402 3702 564 3760 servavitne
589 3702 712 3761 vicissim
735 3700 863 3780 adnuens?
1152 3698 1358 3786 phffinss‘gissfflp

129 3820 282 3861 ssomron.
321 3800 458 3878 imperite
481 3820 581 3862 rerum
605 3804 750 3871 omniurn,
774 3805 823 3881 qui
846 3821 905 3863 non
928 3804 1008 3865 rides
1032 3822 1120 3882 (peram
1144 3803 1261 3864 cottidie
1283 3799 1428 3863 mut-cu.

68 3910 111 3961 tos
136 3901 206 3962 beet
228 3902 354 3963 dimissis
376 3905 406 3962 iu
429 3903 533 3964 orbern
556 3903 752 3981 indulgentiis.
1189 3919 1195 3987 Ι
1224 3923 1359 3967 insistunt.
1439 3888 1447 3902 ’

27 4015 60 4056 ³⁵
130 4022 306 4066 censesve.
345 4003 435 4066 Video
458 4006 578 4066 adsidue
602 4005 653 4065 lius
675 4005 756 4066 illum
786 4008 915 4075 mittere;
949 4007 1001 4068 sed
1029 4008 1079 4084 qui
1107 4005 1266 4066 coniectari
1295 4001 1361 4063 lieet

68 4107 99 4166 sd
124 4107 295 4165 animorum
317 4105 484 4166 dicationem
507 4109 604 4168 lucere
626 4107 732 4186 aliquio
750 4107 820 4176 lio'e,
845 4107 923 4187 quod
938 4106 987 4169 ille
1002 4125 1061 4167 non
1077 4107 1115 4166 ob
1131 4107 1159 4166 id
1176 4107 1286 4183 ipsum,
1309 4103 1360 4165 sed

66 4216 92 4268 ut
116 4207 277 4285 pecuniam
300 4207 432 4286 colliget,
457 4210 597 4269 instituit?
620 4209 698 4288 quod
721 4209 744 4268 si
767 4227 825 4269 non
849 4216 925 4269 esset
946 4211 1049 4277 etiem,
1072 4225 1168 4287 neque
1190 4206 1305 4266 lucrum
1322 4205 1362 4266 ibi

61 4324 147 4370 serum
173 4316 325 4386 ‹praereret
346 4311 424 4387 ipse,
449 4319 546 4370 temen
569 4313 683 4370 censeri
706 4329 764 4369 non
781 4311 902 4371 deberet
917 4309 973 4369 hoc
989 4327 1075 4388 posse
1091 4328 1157 4369 eum
1174 4309 1256 4387 prius
1271 4326 1359 4387 quem

59 4407 143 4473 tectis
168 4409 297 4470 dedisset
323 4412 385 4489 ipse
408 4412 607 4471 sanctimoniae
630 4429 691 4471 suae
714 4413 941 4479 documentum,
969 4413 1007 4470 itu
1030 4418 1062 4470 ut
1085 4413 1112 4470 iu
1137 4411 1291 4470 beatorum
1307 4428 1361 4470 nu-

51 4542 277 4558 ,ῤ’-.-

124 4615 145 4649 ¹¹
166 4610 402 4664 mercenareos'r.
422 4612 731 4680 Cl.10snn.ll.l2.sq.
765 4585 796 4646 '²²
813 4608 1013 4664 Lusxltso.
1065 4606 1088 4645 ²⁴
1106 4612 1173 4679 inq.]
1192 4614 1267 4662 Petr.
1281 4614 1301 4662 1.
1319 4630 1360 4678 ep.

46 4693 85 4753 V.
98 4699 160 4753 23.
233 4696 256 4731 ³⁰
274 4698 363 4748 occid.
383 4694 443 4762 ete]
463 4698 506 4751 Cf.
521 4699 595 4748 intio
608 4699 740 4763 I'ssquill.
753 4701 777 4760 §-
792 4698 830 4749 15.
846 4703 873 4748 et
887 4698 991 4748 exhort.
1006 4715 1039 4748 ne
1053 4699 1169 4748 decimes
1181 4702 1272 4763 preest.
1287 4698 1310 4757 ξ.
1320 4696 1361 4744 21.
