3210 5416
262 359 335 430 53ss
703 385 820 419 nvsbooa
840 381 1111 418 Psevnonvrrstttot.

262 546 331 603 blice
344 543 502 617 lngolstadii
519 541 638 620 Vulcano
653 548 814 598 consecrare
837 540 1013 602 intenderem,
1035 557 1050 594 a
1071 537 1272 595 scelestissimis
1287 539 1412 612 collegis·
1423 556 1480 594 meis
1496 539 1528 592 dc·

263 631 376 686 stitutus
399 646 474 689 sum,
499 644 558 700 quar
582 642 627 682 res
649 644 703 681 non
726 643 821 699 parum
844 632 1008 700 presentem
1032 640 1141 696 quoque
1164 623 1291 679 morbum
1314 625 1395 679 ausit.

96 777 99 783 g
195 735 254 784 gae,
328 713 485 769 Auditor.
524 712 666 784 Sapienter
687 709 749 767 illos
770 711 859 782 egisse
882 709 923 765 vel
939 708 1141 764 Coloniensium
1163 707 1280 763 stultitia
1296 708 1440 764 ostendere
1454 716 1531 780 potest

327 798 456 853 Iccius.
495 796 547 850 Nec
576 796 641 849 satis
670 803 713 850 est
740 795 937 868 contempsisse
965 811 996 848 ac
1024 791 1209 866 vilipendisse,
1239 793 1292 846 nisi
1320 793 1402 847 etiam
1430 793 1533 865 turpissi-

264 884 314 938 mis
337 898 388 937 uos
411 881 541 936 infament
564 879 732 940 nominihus,
751 874 907 935 ‘Hernicum
929 885 1069 951 portenta,
1098 876 1239 936 Indoctus.
1268 877 1412 939 Caudices,
1435 877 1549 949 stipasse

263 968 375 1027 Barros,
399 965 548 1038 Stupores,
571 963 740 1025 Nebuloncs.
764 963 964 1037 Sycophantas.
987 960 1173 1035 lvnpudentes,
1191 950 1333 1022 lascivos,
1351 960 1536 1020 Fraudulentos.

265 1051 448 1109 Ambitiosos.
473 1049 655 1109 Temerarios,
679 1047 817 1108 Alorosos
840 1043 959 1108 Invidus,
988 1048 1104 1107 Avarus.
1133 1044 1380 1118 Quadruplatores‚
1411 1046 1537 1108 Gaueones

266 1133 433 1206 Sacrilegos,
457 1133 635 1206 lippescitas.
659 1132 829 1192 Pertinacem
852 1131 1032 1204 impostores,
1055 1138 1083 1185 et
1098 1130 1232 1185 Vitiorum
1255 1138 1419 1186 cunctorum
1440 1138 1539 1201 recepta·

266 1218 326 1273 cula
349 1225 491 1277 vincentes,
525 1233 574 1271 nce
602 1234 681 1272 secus
703 1216 736 1271 ed
760 1217 897 1271 veritatem
928 1232 1007 1288 quam
1036 1212 1241 1288 vespertiliones
1269 1214 1302 1269 ad
1332 1214 1425 1269 radios
1456 1213 1540 1269 solares

267 1303 400 1358 cecutire
416 1309 584 1362 asserentes,
608 1302 681 1374 quod
704 1309 792 1359 taruco
817 1301 925 1374 impune
947 1300 1019 1355 baud
1042 1299 1138 1355 serent.
1548 1311 1563 1349 n

198 1409 259 1456 vav,
331 1386 487 1441 Auditor.
525 1385 608 1440 llinas
623 1386 671 1440 bas
688 1402 781 1446 venas,
805 1402 872 1457 quas
888 1401 967 1440 nemo
983 1382 1099 1457 amplius
1116 1383 1260 1443 formidat,
1284 1382 1414 1444 obmitto,
1436 1392 1463 1439 et
1482 1391 1541 1456 post·

267 1488 348 1544 quern
371 1470 491 1543 tyrannis
514 1477 602 1524 vestra
625 1469 704 1543 culpa
726 1476 814 1525 vestra
838 1469 955 1530 corruit.
979 1469 1108 1542 patientia
1131 1477 1228 1523 cuncta
1252 1468 1359 1522 vincite.

330 1553 461 1611 Eccius.
498 1553 570 1614 llen,
593 1554 660 1614 beu.
685 1554 745 1627 quis
769 1561 858 1609 tantas
882 1553 993 1608 iniurias
1016 1551 1231 1627 serre-poterit?

330 1639 489 1693 Auditor.
528 1638 686 1711 Quicunque
709 1638 788 1711 sapit.

331 1723 465 1778 Iccius.
503 1723 524 1777 0
548 1730 670 1796 tempora
693 1722 847 1796 praeterita,
871 1720 970 1795 quibus
992 1720 1103 1783 caelum,
1135 1737 1208 1776 mare
1231 1729 1259 1776 et
1282 1729 1356 1776 terra
1379 1727 1473 1776 nostro
1492 1717 1565 1773 subn

268 1807 427 1864 iiciebantur
449 1806 578 1880 imperio!

242 1901 246 1909 “
333 1891 488 1947 Auditor.
527 1891 593 1965 Sero
616 1892 750 1965 paeniteat
765 1891 896 1964 Phryges.
933 1890 1031 1946 Verum
1049 1889 1282 1951 'etbocrelcras
1307 1906 1388 1962 quam
1405 1888 1550 1944 obmusan·

272 1979 308 2032 ita
332 1993 424 2031 omnes
447 1975 570 2031 bomincs
593 1984 687 2031 contra
710 1975 852 2030 llartinum
878 1975 999 2047 instigas.

202 2081 268 2130 §.voa
307 2086 309 2088 ·
334 2061 465 2116 Eccius.
503 2059 577 2116 Licet
599 2068 628 2115 et
648 2060 740 2121 decet,
770 2059 906 2133 praecipue
929 2066 1024 2115 contra
1047 2057 1129 2114 talem
1152 2058 1328 2119 haereticum,
1357 2058 1404 2132 qui
1433 2074 1483 2113 non
1508 2073 1541 2110 so·

269 2145 323 2200 lum
348 2144 509 2216 Tbeologis,
539 2144 585 2200 scd
614 2152 642 2199 et
671 2144 809 2199 trionachis
840 2144 906 2217 ipsis
935 2152 988 2198 tam
1016 2141 1214 2198 intolerandum
1244 2142 1437 2198 detrimentum
1459 2141 1562 2196 inlcrrcn

197 2268 201 2273 -
269 2237 398 2289 conatur,
421 2246 451 2282 ac
474 2227 580 2300 publico
602 2232 651 2283 cos
674 2236 870 2288 assentatores.
905 2236 933 2282 ct
955 2218 1050 2283 summi
1073 2226 1211 2282 pontilicis
1240 2227 1391 2299 parasitos,
1424 2245 1453 2288 ac
1473 2223 1540 2299 lvoni-

228 2364 231 2369 .
270 2330 333 2376 num
356 2310 539 2368 mendicabula
563 2311 695 2385 appellet,
718 2312 892 2385 clamitetque
915 2329 968 2367 non
992 2328 1052 2368 esse
1074 2310 1272 2384 eleemosynam
1295 2329 1357 2384 quae
1378 2311 1448 2366 inter
1461 2325 1538 2384 porcos

271 2406 326 2454 tam
348 2395 447 2449 obesos
469 2389 662 2457 distribuatur:
696 2404 724 2451 et
748 2405 776 2452 tu
800 2397 850 2451 iam
880 2405 959 2451 autea
987 2396 1126 2457 audivisti,
1162 2413 1212 2450 nos
1239 2394 1323 2456 lucri.
1358 2411 1412 2451 non
1440 2391 1538 2449 veritatis

272 2480 357 2552 gratia
382 2496 516 2552 pugnare,
551 2480 635 2552 igitur
657 2490 684 2535 et
707 2480 868 2537 Emserauus
890 2480 1080 2554 capricornus,
1112 2488 1140 2535 et
1162 2480 1354 2535 baereticorum
1378 2478 1536 2553 inquisitores.

204 2583 332 2636 §pogiaco
355 2581 410 2619 non
434 2562 597 2637 theologicae
620 2582 708 2638 vespae
730 2574 834 2621 cunctae
857 2565 884 2619 in
908 2564 983 2619 illum
1006 2573 1070 2620 sunt
1093 2564 1242 2620 incitandae.
1271 2565 1337 2638 qivin
1360 2581 1440 2638 spero
1461 2563 1559 2618 lratrcsa

271 2650 389 2705 llinores
412 2665 536 2703 mecum
560 2649 607 2704 illo
629 2650 801 2705 coaninitterc
824 2666 919 2723 posse,
944 2665 1013 2722 quos
1036 2666 1090 2704 non
1113 2647 1201 2703 solum
1220 2648 1351 2704 indoctos
1366 2646 1484 2722 appellat
1501 2641 1534 2698 scd

272 2742 299 2789 et
323 2743 450 2805 tanquam
472 2732 511 2788 nil
534 2733 638 2789 discere
662 2734 744 2789 velint
765 2734 870 2807 arguit:
894 2742 920 2789 et
944 2733 995 2789 iarn
1018 2732 1122 2806 pridem
1144 2731 1233 2788 scabie
1257 2731 1303 2787 illa
1327 2750 1420 2789 eorum
1435 2728 1533 2806 pmriunt

272 2817 404 2892 scapulas,
440 2818 475 2871 ita
500 2825 529 2872 ut
552 2835 615 2891 spes
638 2819 674 2872 sit
696 2818 813 2873 limones
842 2835 902 2874 cum
932 2816 1155 2891 praedicatoribus
1183 2816 1219 2872 ob
1246 2816 1337 2872 solum
1360 2817 1489 2872 llartinun
1511 2826 1533 2864 ev

273 2901 419 2958 immortali
443 2902 506 2957 odie
530 2902 555 2956 in
579 2902 693 2975 gratiam
716 2920 797 2975 posse
811 2893 924 2964 redire,
947 2919 1013 2976 ¹quo
1041 2901 1177 2958 conranuni
1200 2901 1284 2957 llarte
1314 2918 1372 2960 rem
1400 2897 1532 2974 aggrcdict

275 2989 418 3053 lectionem
442 2987 510 3042 banc
532 2986 675 3042 scelestam
696 2996 724 3042 et
747 2986 980 3060 tbeologiperdam
1003 2986 1158 3060 opprimere
1179 2985 1325 3041 valeamus.
1537 2992 1555 3030 ³³

206 3096 272 3144 gam,
339 3071 499 3127 Auditor.
537 3073 571 3125 At
594 3071 695 3131 videte.
720 3072 823 3145 ignem,
847 3080 957 3144 quomet
981 3071 1032 3144 ipsi
1055 3070 1199 3143 aliquando
1222 3070 1413 3143 connagreus,
1435 3063 1531 3125 accenda-

276 3156 319 3210 tis.
358 3155 476 3211 salvator
498 3164 593 3211 noster
614 3156 738 3211 Christus
759 3173 809 3229 pcc
831 3155 953 3211 homines
976 3155 1074 3210 idiotas
1098 3155 1225 3210 mundum
1254 3155 1288 3210 ab
1316 3154 1453 3211 erroribus
1478 3163 1530 3205 retr

273 3240 356 3300 cavit,
380 3257 427 3296 vos
450 3257 499 3313 per
521 3240 644 3296 homiues
668 3248 697 3296 ut
719 3240 842 3295 asseritis
863 3239 959 3295 doctos
982 3239 1110 3295 mundum
1131 3239 1163 3294 ad
1179 3255 1289 3301 errores
1303 3238 1456 3299 detruditis,
1476 3234 1530 3304 iliae

274 3341 328 3378 non
350 3322 439 3378 verbis
462 3332 491 3378 ot
512 3324 607 3386 lactis,
630 3333 660 3379 ut
682 3325 818 3398 quondam
840 3323 979 3397 Apostoli.
1004 3323 1158 3384 laudandis.
1181 3322 1228 3378 sed
1248 3322 1333 3396 plane
1354 3317 1530 3379 detestandiset

274 3407 474 3466 abornInandis.
508 3416 536 3462 et
559 3409 631 3481 quod
661 3409 700 3464 illi
729 3408 895 3470 bumilitate,
918 3398 1134 3465 'mansuetudine
1160 3415 1189 3462 et
1217 3408 1362 3464 sanctitate
1387 3404 1552 3463 aditurum

276 3507 322 3546 vos
346 3491 501 3564 tyrannide.
525 3492 698 3564 improbitate
720 3501 748 3548 et
772 3493 924 3548 temeritate
945 3493 1086 3548 destrucre
1109 3492 1229 3552 audetis,
1258 3509 1314 3547 non
1338 3484 1529 3565 ignorantem

274 3574 468 3631 scelestissime
491 3592 572 3647 agere
595 3584 622 3631 et
645 3577 789 3637 mendaciis
812 3577 881 3632 lictis
897 3585 926 3631 et
940 3576 1041 3632 insulse
1056 3577 1225 3632 concinnatis
1240 3577 1529 3648 venutcmjnpugmm

275 3659 356 3733 idque
378 3676 411 3714 co
434 3668 558 3733 tempore
581 3677 635 3733 quo
658 3661 809 3717 calamitosi
832 3661 884 3717 liuc
908 3679 994 3735 usque
1017 3660 1077 3717 laici
1100 3659 1194 3717 oculos
1217 3662 1324 3734 aperire
1346 3665 1529 3716 eracemum

274 3744 373 3801 ducatu
396 3761 425 3799 se
448 3744 588 3800 vendicare
612 3744 760 3820 incipiunt,
791 3744 928 3820 planeque
954 3746 1034 3800 vitam
1057 3754 1174 3801 vestram
1196 3762 1259 3801 cum
1283 3745 1365 3802 dictis
1395 3752 1420 3801 et
1447 3739 1529 3796 venuti

275 3845 396 3903 pugnare
418 3837 541 3884 cernunt.
1534 3827 1552 3867 a

204 3932 272 3981 stoa.
337 3914 472 3976 Iccius.
509 3914 661 3988 Atqui‚-ut
683 3914 826 3978 video,.et
849 3922 878 3970 tu
902 3914 1070 3970 lutheranus
1099 3932 1142 3977 es,
1171 3932 1202 3970 ac
1224 3923 1328 3970 secreta
1351 3922 1440 3970 nostra
1460 3917 1529 3984 preli·

272 3997 329 4054 lare
352 4000 453 4055 audes?
561 3995 564 3999 ’

339 4179 350 4211 ⁸
368 4180 480 4244 [totticic
492 4187 517 4230 et
529 4197 551 4230 a.
565 4181 590 4229 t.
606 4179 764 4243 {Ambitione
781 4187 807 4229 et
819 4197 840 4229 o.
857 4181 896 4230 12.
910 4181 1033 4243 mamm
1051 4188 1076 4229 et
1089 4197 1110 4230 o.
1124 4181 1166 4228 ⁰24.
1180 4181 1262 4244 gredo
1275 4184 1301 4230 2.
1310 4184 1336 4230 3.
1350 4187 1376 4230 ut
1387 4192 1451 4243 sape
1462 4172 1529 4236 aare!

274 4262 295 4295 ¹⁰
313 4265 436 4313 excutite
451 4269 473 4313 1.
511 4264 532 4297 ¹⁷
550 4264 616 4314 Sero
629 4266 723 4329 penult
736 4261 811 4328 Pha]
826 4264 885 4314 Cic.
899 4281 961 4330 epp.
975 4266 1009 4314 nd
1021 4248 1076 4315 dlv.
1090 4265 1150 4316 VJI.
1160 4263 1199 4313 te.
1219 4265 1273 4326 „In
1285 4265 1363 4329 Equo
1376 4265 1480 4314 Troiano
1490 4251 1529 4318 [Li

273 4348 311 4396 vii
329 4346 489 4414 Andronici]
508 4351 565 4399 scis
583 4363 644 4399 esse
664 4349 692 4398 in
710 4353 831 4398 extremo
851 4364 921 4399 oneo
941 4363 1068 4399 saravum
1138 4345 1160 4379 ²⁴
1178 4348 1413 4412 musitatione.
1465 4333 1529 4385 ”Ml

272 4432 379 4480 noriles
397 4432 685 4483 Iutrebocenses'lem
703 4449 775 4484 anno
799 4433 871 4483 1519.
887 4439 983 4484 contre
996 4434 1147 4483 Lutbcrum
1171 4434 1358 4499 instigaverat
1380 4432 1479 4483 Eclrios.
1494 4416 1528 4480 (⁰f·

276 4515 376 4575 Walob,
390 4516 502 4566 Lutlerc
514 4516 645 4581 Schriften
658 4518 759 4568 XVIII.
773 4535 798 4583 p.
812 4519 854 4567 tit.
869 4518 939 4583 sqq.)
959 4523 987 4568 ct
999 4517 1124 4568 Alfeldue
1138 4519 1222 4567 etiem
1237 4523 1266 4567 et
1278 4503 1528 4583 cispe'ctcngev‘t·

272 4600 324 4667 qui!
336 4600 403 4648 item
422 4601 572 4650 Lutherum
592 4604 704 4668 scriptis
716 4603 941 4665 'intertrimentum
961 4598 1145 4652 Franciscnui
1158 4602 1261 4653 ordInis
1274 4603 1393 4652 fuerunt.
1411 4598 1528 4648 nisut⁸⁸l⁴

270 4680 293 4712 ³²
311 4683 404 4734 inerms
422 4687 482 4734 2⁴3.
502 4687 538 4734 cf.
552 4686 613 4736 Aet.
628 4688 677 4752 Ap.
691 4688 738 4737 IV.
754 4686 793 4737 13.
