3232 5416
325 855 393 917 Qriis
412 855 484 906 huuc
502 854 641 919 dialogum
660 854 768 918 quande
786 853 931 919 scripserit
950 859 978 903 et
995 855 1041 904 ubi
1055 854 1145 905 editus
1158 856 1263 904 sitnon
1276 860 1399 905 constat
1426 854 1471 919 qui
1483 855 1545 904 llut-

258 944 350 1004 teuum
370 941 429 989 eius
454 944 592 989 auctorem
617 954 677 988 esse
701 939 755 988 sihi
780 944 988 1004 persuaserunt,
1013 945 1120 989 tautum
1140 955 1156 989 a
1175 955 1241 989 vero
1265 955 1322 989 non
1341 941 1455 989 omnine
1473 939 1543 988 aber·

257 1040 318 1073 rare
338 1011 407 1073 mihi
424 1024 561 1074 videntur.
591 1023 743 1084 Huttenus,
764 1023 788 1071 si
801 1039 843 1071 me
858 1024 949 1086 andis,
969 1025 1092 1074 libellum
1105 1040 1160 1074 non
1173 1025 1336 1089 conposuit,
1346 1014 1348 1019 ’
1358 1025 1392 1074 de
1406 1040 1459 1090 quo
1471 1023 1542 1073 valde

257 1124 292 1158 an
311 1107 460 1159 communis
479 1108 587 1172 opinio,
612 1122 683 1158 anno
704 1105 776 1156 1521.
802 1108 929 1169 eundem,
954 1110 1014 1158 sine
1039 1109 1228 1174 probabilibus
1252 1109 1424 1171 rationibus,
1451 1108 1543 1158 adscri-

256 1194 323 1243 bere
341 1193 437 1253 solita,
459 1193 532 1242 falsa
550 1208 603 1241 nou
622 1194 660 1242 sit
678 1187 782 1242 dubite‘.
818 1194 956 1243 llutteuua
975 1196 1110 1259 usquein
1130 1195 1191 1258 ipsa
1209 1195 1406 1244 exhortatione
1426 1195 1541 1242 Worma·

257 1277 393 1327 tiensibus
411 1280 518 1344 scripta
535 1284 592 1327 tam
611 1278 805 1343 praedicatoris
825 1284 853 1327 ct
875 1266 1069 1343 sarmaticis
1087 1278 1292 1328 sacerdotalem
1310 1279 1467 1328 doctrinam
1486 1294 1541 1327 coa·

257 1363 395 1425 cervavit,
422 1378 502 1428 quam
525 1380 574 1429 per
596 1364 668 1412 hune
693 1363 832 1429 dialogum
849 1364 1027 1414 Franciscum
1051 1371 1108 1413 tum
1132 1380 1165 1412 ex
1190 1363 1285 1413 bibliis
1308 1370 1369 1413 tum
1393 1363 1542 1412 exacuetis

256 1448 382 1514 patribus
401 1450 481 1513 qnasi
499 1447 655 1498 insatiabili
674 1464 720 1497 ore
739 1448 850 1499 haurire
868 1448 1006 1510 videmus,
1031 1456 1061 1499 ut
1084 1451 1167 1498 mirer
1185 1450 1357 1502 Straussinm
1381 1449 1475 1498 dicere
1493 1450 1541 1496 ‘das

255 1534 423 1597 theologi-selle
443 1533 656 1585 descindekclen
676 1533 741 1597 fehlt
763 1549 863 1589 tenacem
886 1535 1017 1598 despesos
1038 1535 1181 1584 3133313333
1217 1534 1302 1583 Certe
1327 1534 1469 1583 Hnttenns
1491 1532 1541 1581 alia

255 1619 406 1669 Francisco
424 1619 577 1668 Huttenum
595 1619 721 1668 laudanti
739 1619 824 1669 verba
842 1635 924 1684 quam
943 1619 1041 1684 quibus
1059 1620 1158 1682 utitur,
1183 1633 1272 1682 neque
1291 1618 1474 1684 Sichingensi
1492 1617 1540 1667 cal-

256 1704 327 1754 lidas
345 1703 496 1768 doctiloqui
514 1703 706 1769 praedicatoris
724 1708 819 1768 partes
836 1705 993 1765 tribuisset3
1018 1704 1157 1770 Hutteuus
1176 1705 1199 1752 si
1219 1719 1253 1752 ex
1271 1704 1330 1753 suis
1350 1705 1410 1768 ipse
1430 1702 1541 1767 dialogis

166 1826 170 1836 ,
256 1802 316 1853 quas
336 1789 399 1838 iude
419 1794 528 1854 sumpta
547 1795 610 1838 sunt
629 1793 768 1838 mutuatus
787 1794 874 1850 esset,
898 1776 952 1854 pro¹
971 1804 1020 1838 suo
1043 1805 1117 1838 more
1140 1789 1216 1854 prius
1239 1788 1316 1840 dicta
1337 1791 1476 1847 acuisset,
1499 1803 1540 1836 au-

256 1876 350 1934 xisset,
371 1873 579 1939 amplificasset,
598 1874 784 1924 nobilitasset.
814 1873 940 1923 Clericus
953 1875 1014 1934 luit,
1035 1889 1089 1950 npn
1101 1875 1251 1932 Huttenus,
1272 1874 1319 1937 qui
1332 1874 1440 1924 Novum
1453 1870 1540 1922 Karst-

256 1959 382 2010 bansium
405 1959 562 2024 conposuit,
589 1960 638 2010 sed
661 1959 780 2008 clericus
804 1961 850 2024 qui
874 1973 935 2009 cnm
951 1959 1077 2013 Hutteno
1091 1958 1302 2024 Ebernburgum
1328 1959 1540 2019 inhabitaverat,

242 2045 401 2094 -Francisci
421 2044 619 2094 consuetudine
638 2059 703 2093 usus
722 2044 836 2108 eiusque
855 2044 975 2093 animum
993 2044 1186 2109 ingeniumque
1205 2060 1253 2109 pre
1273 2059 1323 2093 suo
1343 2044 1433 2109 ipsius
1457 2045 1541 2094 animo

256 2129 423 2194 ingenioque
441 2130 655 2194 interpretatus,
674 2129 792 2178 Hutteni
811 2128 895 2177 etiam
914 2129 1036 2192 scripta,
1054 2128 1084 2178 in
1102 2130 1197 2194 primis
1214 2144 1301 2179 noves
1321 2130 1351 2182 in
1371 2130 1432 2194 ipse
1446 2129 1541 2178 Eberu-

255 2214 341 2279 burgo
361 2215 517 2279 conpositos
535 2213 661 2278 dialogos
678 2213 749 2263 bene
768 2212 915 2262 inhiberet.
952 2214 994 2263 De
1013 2212 1228 2280 Oecolampadio
1245 2229 1304 2280 prae
1324 2214 1406 2277 aliis,
1426 2230 1483 2280 prae
1494 2215 1541 2263 Bu·

214 2291 216 2298 ¹
256 2314 334 2359 cero,
357 2298 459 2363 Aquila
478 2297 702 2363 Schwcbelioque
727 2298 853 2362 equidem
871 2299 977 2362 cogito,
1003 2298 1203 2348 Canonicerum
1221 2299 1397 2349 indoctorum
1415 2299 1542 2348 Lnthera·

172 2414 176 2425 ·
255 2398 350 2441 nonam
368 2387 465 2432 contra
482 2383 601 2432 Eckium
618 2382 774 2444 defensore,
795 2382 1014 2434 Christianarum
1033 2384 1229 2449 tragoediarum
1248 2387 1397 2449 scriptore,
1418 2385 1541 2434 Gereonis

255 2469 421 2519 admiratore
441 2474 469 2518 et
487 2468 670 2518 confessionis
683 2485 707 2532 q.
721 2484 746 2517 v.
760 2466 925 2520 auricularis
936 2483 1023 2533 osorc,
1043 2484 1121 2533 quem
1135 2486 1159 2518 a.
1176 2468 1249 2518 1523.
1268 2470 1448 2532 Ebernburgi
1462 2468 1541 2531 Chry·

255 2559 404 2606 sestomunr
423 2553 599 2630 transtulisse
618 2553 731 2609 scimus.
759 2557 786 2601 et
801 2554 850 2616 ‚qni
868 2558 965 2618 postea
983 2554 1145 2603 Huttenum·
1154 2560 1266 2604 secutus
1285 2553 1414 2604 domibus
1433 2553 1540 2603 iustitie

255 2641 363 2690 relictis
386 2632 759 2702 Alsatiam'Helvetiamque
783 2638 874 2702 petiit.
910 2638 959 2688 sed
982 2640 1103 2688 certiora
1126 2654 1207 2704 quam
1231 2639 1361 2704 equidem
1386 2641 1541 2689 coniectura

164 2764 166 2767 v
255 2725 371 2789 adsequi
388 2725 478 2789 potui,
498 2722 582 2772 velim
601 2723 635 2772 ab
655 2722 719 2772 aliis
733 2723 848 2788 eapo'ni.
884 2722 994 2772 Editum
1014 2738 1074 2774 ease
1093 2724 1164 2774 hunc
1183 2724 1324 2789 dialogum
1344 2731 1411 2775 ante
1431 2741 1458 2774 a
1474 2721 1538 2773 1523

254 2808 370 2860 etmihi
393 2808 558 2874 persuadere
582 2821 730 2872 nequeam,
756 2806 865 2857 iaciunt
889 2809 975 2858 etiam
997 2810 1113 2874 triginta
1136 2811 1183 2875 qni
1205 2810 1310 2860 adiecti
1337 2815 1403 2859 sunt
1426 2808 1538 2867 articuli

255 2909 343 2959 neque
369 2895 493 2943 lluttcno
516 2907 604 2957 neque
628 2891 859 2956 Oocelampadio,
889 2893 938 2943 sed
962 2895 1094 2944 fanaticos
1118 2895 1209 2959 potius
1233 2896 1293 2943 eius
1322 2895 1458 2950 factionis
1486 2909 1538 2959 quse

254 2978 349 3046 paullo
372 2984 434 3044 post
458 2978 650 3028 infelicissime
675 2978 811 3042 prorupit,
836 2978 1065 3028 febricitantibus
1089 2979 1173 3029 sociis
1196 2981 1293 3028 nescio
1317 2980 1419 3044 quibus
1443 2980 1538 3029 adscri-

254 3064 344 3114 bendi.
382 3064 473 3128 Siquis
491 3062 590 3112 librum
609 3079 641 3113 er
660 3062 776 3113 Androm
795 3063 940 3112 Cartandri
959 3065 1017 3113 site
1037 3063 1182 3113 Cratandri
1206 3064 1322 3126 cilicina
1345 3065 1481 3130 prodiisse
1498 3065 1537 3114 de·

253 3152 431 3209 monstraret,
456 3147 529 3197 haud
553 3147 614 3198 lese
633 3148 755 3212 opinioni
774 3148 807 3197 de
827 3147 1042 3214 Oecolampadie
1062 3145 1174 3199 auctore
1193 3150 1298 3214 pondus
1322 3150 1397 3199 idem
1421 3150 1537 3199 adderet

252 3232 322 3282 Utut
340 3248 383 3282 res
401 3232 502 3293 habet,
526 3238 602 3282 recte
621 3234 787 3282 Hutteniaui
811 3233 915 3297 ingenii
934 3233 997 3283 huic
1016 3233 1127 3298 dialogo
1146 3233 1232 3283 multa
1251 3235 1345 3294 inesse
1365 3235 1471 3284 indicis
1489 3236 1536 3283 iam

252 3317 317 3367 elim
335 3317 574 3382 deprehenderunt
591 3317 648 3373 alii,
668 3317 738 3381 quod
757 3318 816 3382 ipsc
836 3333 941 3382 quoque
960 3318 1119 3383 siguificare
1137 3318 1211 3369 volui
1230 3320 1422 3384 superioribus
1440 3319 1536 3368 deseri

253 3401 372 3466 falsique
391 3402 574 3451 conmixtione
594 3401 686 3452 verbis
704 3404 781 3451 meis.

319 3486 454 3551 Exempla
471 3486 553 3535 huius
577 3486 682 3551 dialogi
705 3487 840 3552 descripsi
859 3488 946 3538 ludio.
961 3489 1088 3554 bibliogr.
1103 3505 1128 3538 ιι.
1143 3487 1234 3538 XLI&
1254 3489 1302 3538 ubi
1321 3489 1356 3539 de
1376 3491 1534 3540 bliinchiano

252 3573 323 3622 satis
340 3571 443 3620 dictum
462 3577 512 3621 est.
549 3571 684 3621 Schedius
704 3571 738 3620 ad
757 3573 961 3638 orthographiae
981 3574 1058 3639 leges
1077 3575 1147 3638 qued
1167 3575 1282 3630 attinet,
1303 3591 1352 3624 cas
1372 3580 1482 3626 secutus
1498 3579 1534 3623 est

253 3673 313 3722 quae
331 3657 360 3706 iu
379 3657 493 3706 edendis
512 3656 591 3706 libris
610 3672 677 3720 quos
696 3674 826 3707 vocamus
843 3658 1104 3709 mittellrechrlenlsclre
1124 3654 1374 3720 adlribcri‘selent,
1400 3661 1454 3710 nisi
1472 3657 1533 3723 qnod

252 3745 300 3793 das
324 3749 352 3792 et
375 3743 431 3819 31313
448 3741 598 3791 recentiori
618 3757 690 3792 more
710 3743 844 3792 distinxit.
881 3744 975 3809 itaque
994 3744 1146 3809 saepissime
1164 3746 1174 3793 i
1191 3759 1238 3808 pro
1255 3761 1281 3806 p,
1302 3762 1318 3792 ιι
1337 3761 1387 3810 pro
1405 3763 1447 3804 aa,
1461 3746 1479 3807 s
1491 3758 1532 3808 pro

249 3830 284 3894 ff,
302 3829 325 3892 β
342 3843 390 3893 pro
406 3827 438 3892 [s
449 3826 538 3883 vela,
557 3826 639 3892 lrpro
657 3827 734 3889 clr,:
752 3832 842 3892 piot:
862 3830 953 3893 posuit
971 3829 1127 3894 similiaque
1146 3830 1316 3908 inmutauit.
1341 3831 1446 3879 rectius
1463 3828 1532 3878 nobis
1554 3828 1558 3831 ’

251 3913 340 3968 visum
360 3918 402 3963 est
421 3912 565 3977 archetypi
585 3913 685 3962 formas
704 3918 836 3976 quantum
854 3912 913 3963 fieri
932 3916 1032 3980 potuit,
1058 3915 1107 3964 sed
1129 3930 1184 3965 non
1203 3915 1297 3964 omnia
1315 3917 1458 3981 scripturae
1476 3928 1530 3963 con·
1600 3935 1602 3939 >

252 3998 353 4063 pendia
372 3994 476 4060 (utri'
466 4016 478 4050 r
498 3995 515 4049 11
532 4011 565 4051 un
586 4002 614 4047 et
631 3997 743 4059 similia)
768 4000 902 4061 retinere;
927 4016 1011 4065 quare
1034 4004 1135 4066 praeter
1156 4002 1373 4067 interpungendi
1398 4003 1528 4057 rationem,

253 4082 307 4131 nisi
325 4080 372 4132 ubi
392 4083 570 4142 adnotatione
590 4082 793 4147 diligentiorem
812 4085 943 4135 lectorem
963 4086 1192 4142 admonuerimus,
1212 4085 1282 4135 nihil
1302 4088 1472 4137 innovamus
