3270 5430
393 381 444 433 ΙΙΙ.
515 396 653 434 uisevovo
673 396 696 433 e.
715 397 797 434 tucn.
833 398 981 434 oracoovs.
1002 383 1085 448 (tote.)
1335 372 1383 441 57

87 549 182 611 latum
206 553 234 611 iu
258 551 379 613 brachia
403 552 571 614 [lominicus
593 571 710 614 sursum
726 555 897 633 proiecerit,
921 562 971 614 aut
992 554 1040 632 qni
1057 553 1138 614 valde
1152 552 1312 615 liberaliter
1328 556 1384 615 lra-

82 660 171 737 ‚trnm
194 653 349 730 vectigalia¹
368 655 497 724 auxerit,
531 631 708 715 monasteria
730 654 951 733 locupletaverit
972 654 1016 715 vel
1040 674 1145 715 novum
1169 654 1294 734 aliquem
1318 657 1386 717 lmic

91 752 251 814 colluvioni
274 755 375 815 nidum
398 758 603 818 construxerit.
649 774 708 834 quo
737 758 768 816 tit
794 762 827 816 ut
854 757 947 816 indies
974 758 1066 834 magis
1095 775 1129 816 ac
1158 758 1250 834 magis
1273 765 1386 826 crescat

90 853 211 915 illorum
235 873 298 926 res,
321 847 438 917 nemine
460 855 651 925 reclamante,
676 841 746 917 dum
762 858 908 918 hostiatim
925 856 1079 935 colligunt,
1103 859 1185 936 quasi
1202 877 1271 918 vero
1286 860 1323 917 sit
1337 877 1386 918 res

66 971 183 1032 sparsa
205 957 311 1033 stipem
334 958 528 1027 emendicare,
551 966 602 1018 aut
624 976 683 1018 non
705 959 734 1017 in
757 958 847 1020 multa
870 977 1028 1019 aureorum
1052 958 1128 1018 milia
1152 959 1181 1018 bi
1198 960 1320 1020 redeant
1335 962 1384 1020 sti·

93 1075 166 1134 pes:
189 1056 300 1118 scilicet
322 1060 530 1144 peritissimum
554 1067 598 1120 est
619 1060 676 1120 boc
698 1066 912 1120 assentatorum
936 1078 1028 1137 genus
1050 1077 1085 1121 ac
1106 1060 1264 1121 identidem
1287 1062 1383 1139 perni-

92 1158 303 1219 ciosissimum:
328 1178 394 1220 nam
416 1179 471 1240 per
493 1162 621 1238 speciem
643 1160 792 1239 religionis
814 1161 880 1221 mali
903 1168 971 1221 sunt
992 1160 1073 1222 tales.
1119 1161 1176 1222 Sed
1191 1162 1249 1221 iam
1264 1162 1300 1221 ad
1316 1177 1451 1227 ven-§.an

92 1264 140 1318 tos
164 1278 266 1320 recor:
288 1261 402 1321 bisunt
417 1263 445 1321 in
461 1261 542 1331 aula,
566 1262 664 1331 Casto,
689 1264 785 1330 lavor,
809 1255 930 1331 inritlia,
955 1254 1112 1340 cupiditas,
1136 1262 1264 1331 ambitio,
1288 1261 1384 1333 luxus,

92 1361 291 1430 consuetudo,
315 1368 429 1440 egestas
451 1360 678 1423 et'bniusmodi.

56 1476 82 1516 n
158 1457 284 1523 enervo.
325 1463 398 1524 Rem
421 1482 527 1542 capere
551 1465 667 1534 videor,
681 1465 741 1525 scd
765 1464 943 1537 audiendum
966 1473 1018 1526 est·
1033 1465 1267 1544 quomodo-nee
1292 1483 1309 1525 a
1331 1485 1385 1526 suo

89 1568 171 1622 statu
192 1571 321 1624 mentem
343 1564 515 1625 dimoveant.
1093 1557 1104 1569 “

158 1684 321 1726 ursnvnvs.
361 1665 469 1735 Fauor,
493 1666 593 1734 Casto,
611 1673 642 1725 ut
656 1667 763 1726 iniusta
779 1667 918 1737 suadeas,
935 1686 1003 1728 cum
1018 1666 1076 1727 boc
1090 1666 1255 1728 demulctus
1270 1676 1453 1740 rectumque

91 1764 280 1839 dignoscere
291 1766 367 1825 baud
392 1766 475 1827 lacile
491 1776 581 1844 >potes
603 1774 630 1827 et
653 1767 763 1827 idcirco
786 1769 914 1846 iniquam
938 1786 1016 1845 saepe
1032 1750 1129 1828 ‘amici
1158 1788 1276 1829 causam
1304 1771 1384 1830 iuras

91 1872 144 1924 ant
166 1884 231 1943 quae
253 1885 334 1927 amas
356 1873 505 1947 utcunque
528 1869 612 1929 cadat
634 1869 690 1928 boc
712 1871 836 1947 principi
859 1870 976 1948 probas.
1007 1876 1108 1929 contra
1132 1870 1253 1939 invidia,
1278 1879 1310 1930 nt
1332 1872 1383 1932 bo·

56 1985 81 2023 n
93 1966 140 2025 nis
162 1984 241 2044 saepe
264 1967 357 2037 obsis,
382 1971 546 2047 aequitatem
568 1970 725 2046 impedias,
757 1989 821 2048 qum
843 1971 953 2032 intesta·
971 1969 1061 2030 bobes
1083 1973 1285 2049 persequaris:
1320 1992 1384 2051 qnae
1415 2004 1419 2008 <

92 2067 152 2126 duo
176 2086 244 2128 cum
267 2070 317 2147 qni
339 2071 368 2129 in
391 2070 454 2131 aulo
474 2079 631 2131 ueremini·
661 2071 756 2131 adsint
784 2071 936 2138 omnibns,
969 2072 1171 2148 incorruptam
1199 2090 1258 2133 non
1287 2074 1386 2134 sinunt

92 2169 250 2245 genuinam
273 2169 448 2240 bonitatem;
484 2181 571 2251 atque
594 2175 632 2232 ita
662 2174 694 2233 bt
721 2180 752 2232 ut
781 2172 870 2232 multa
901 2172 1019 2250 indigna
1050 2175 1233 2249 contingant:
1267 2184 1386 2236 namet

92 2269 243 2346 eliguntur
273 2272 367 2333 lriroli
394 2273 476 2333 multi
504 2293 539 2333 ac
567 2273 762 2334 excluduntur
792 2274 868 2352 frugi
897 2275 1030 2334 bomines
1060 2282 1090 2334 et
1117 2276 1222 2335 iniuria
1245 2276 1276 2334 dt
1299 2275 1385 2337 bonis

92 2371 236 2433 moribus.
281 2373 341 2434 lam
365 2375 401 2434 de
424 2375 581 2452 cupiditate
603 2394 661 2435 uon
685 2375 800 2435 dubitas
828 2378 856 2435 iu
885 2393 959 2454 quos
987 2394 1104 2436 errores
1132 2377 1310 2454 praecipitet,
1335 2356 1453 2445 ⁴nt·§.n.
1530 2369 1532 2375 ⁴

57 2488 152 2549 eoque
176 2472 250 2533 nibil
270 2493 348 2552 saepe
372 2475 484 2545 lacere,
509 2475 580 2536 nibil
602 2476 701 2537 dicere
723 2475 827 2555 aliquis
843 2483 991 2546 vereatur,
1014 2476 1084 2537 dnm
1101 2479 1180 2556 quod
1195 2479 1276 2556 cupit
1290 2488 1382 2556 paret.

91 2574 161 2634 binc
184 2574 232 2634 illa
255 2573 375 2636 suntin
398 2576 470 2637 aulis
493 2579 637 2655 periuria,
670 2576 727 2637 illae
756 2578 901 2654 pertidiae,
934 2577 982 2637 illa
1005 2577 1076 2638 lalsa
1098 2580 1278 2650 testimonia,
1305 2589 1386 2641 tanto

92 2675 263 2746 crebriora,
297 2684 407 2756 quanto
436 2680 501 2757 quis
529 2686 596 2756 eget
624 2680 726 2756 magis.
773 2698 808 2739 an
840 2698 897 2739 non
928 2681 1071 2758 cupiditas
1099 2688 1144 2745 est
1172 2699 1236 2760 qnae
1265 2681 1333 2742 lacit
1354 2690 1387 2742 nt

91 2795 218 2837 munera
239 2780 383 2855 accipiant
405 2778 507 2859 aliqui,
531 2788 564 2841 nt
586 2780 715 2840 lacerem
740 2782 880 2858 principis
901 2788 930 2841 et
952 2782 1064 2841 lumum
1086 2782 1228 2849 recidant,
1252 2790 1284 2842 ut
1305 2802 1386 2843 conr·

57 2941 62 2950 ,
91 2878 196 2956 pilent,
222 2887 254 2939 ut
276 2879 501 2956 depecnlcntnr,
529 2888 561 2941 nt
583 2883 710 2960 rapiant,
734 2889 766 2943 ut
788 2882 941 2942 iurentur?
970 2882 1076 2965 l‘orro'
1091 2882 1210 2943 ambitio
1233 2883 1302 2961 quid
1325 2894 1454 2944 nontn.

54 2980 229 3057 especiem
252 2983 343 3059 cogit,
368 2984 463 3042 omnia
486 2983 573 3061 digna
597 3001 631 3043 ac
654 2983 770 3060 indigna
794 2982 876 3043 obire
904 2983 1013 3042 iaciens
1043 2989 1071 3042 et
1097 2982 1308 3044 dissensionem
1336 3003 1385 3044 ex·

92 3082 186 3141 citans
209 3085 285 3143 inter
307 3103 358 3144 eos
387 3103 464 3162 saepe
492 3085 542 3162 qui
569 3084 624 3143 sibi
655 3084 735 3143 cbori
763 3085 886 3145 inuicem
916 3086 1046 3152 inierant,
1080 3093 1108 3143 et
1135 3083 1329 3144 adrtlationem
1353 3104 1388 3146 ac

92 3184 322 3245 assentationem
346 3187 482 3262 gignens,
506 3186 579 3246 duas
601 3192 634 3244 ut
656 3185 762 3246 audisti
785 3188 926 3246 maximas
948 3183 1023 3245 aulae
1044 3191 1150 3262 pestes.

157 3305 286 3346 cuorus.
324 3285 388 3346 Non
413 3286 567 3346 terendum
591 3287 688 3347 sitium
712 3304 824 3346 narras.

159 3407 325 3447 ursaceus.
363 3388 400 3446 tt
421 3387 602 3465 frequentius
625 3387 665 3447 ibi
688 3386 799 3448 utillum
824 3395 881 3447 est:
905 3388 1037 3466 adeoque
1060 3387 1118 3448 late
1139 3396 1243 3466 regnat
1265 3388 1387 3449 inaniis

53 3507 83 3545 so
94 3489 262 3565 principum
284 3488 419 3558 ambitio,
442 3497 474 3549 ut
496 3489 564 3549 huic
587 3491 637 3549 uni
659 3496 779 3566 accepta
801 3490 967 3549 reserantur
988 3489 1099 3558 omuia;
1123 3488 1221 3548 nullus
1236 3488 1388 3549 uiolentior

94 3589 207 3649 liorem
230 3591 325 3649 neuim
348 3589 470 3668 impellit
492 3609 580 3668 qnam
603 3589 650 3650 illo
674 3591 799 3651 bominis
822 3597 950 3651 mentem
974 3593 1102 3651 concutit
1124 3590 1172 3650 ibi.
1211 3609 1267 3669 qna
1284 3590 1386 3650 imbuti

94 3692 143 3768 qni
166 3698 236 3749 sum
259 3689 372 3767 (omnes
394 3698 491 3750 aedem
514 3698 597 3761 snot,
629 3692 707 3770 quod
732 3691 852 3751 neceb
875 3690 940 3752 aule
963 3710 1113 3771 nunquam
1135 3691 1220 3772 absit)
1252 3711 1313 3753 nun
1334 3693 1387 3767 ‹lp-

163 3926 170 3958 ¹
191 3928 343 3992 proiecerit
360 3943 428 3977 corr.
441 3928 477 3977 H.
497 3929 619 3993 proiecit
632 3932 689 3978 Μ.
743 3928 754 3961 ²
771 3928 926 3993 vectigalia
940 3931 976 3978 H.
996 3929 1101 3979 reditus
1120 3926 1254 3991 (redditus
1271 3929 1309 3993 5.)
1327 3931 1386 3978 edd.

93 4009 102 4040 ⁴
121 4012 212 4073 Quasi
230 4027 297 4061 vero
315 4012 353 4060 sit
370 4027 414 4061 res
431 4028 518 4076 parva
538 4014 573 4062 H.
593 4013 672 4076 quusi
691 4028 734 4062 ros
753 4029 839 4079 parve
857 4013 896 4062 sit
913 4015 971 4062 edd.
1025 4012 1035 4043 ⁵
1053 4012 1140 4062 millia
1158 4002 1315 4062 recentiores
1327 4015 1386 4062 edd.
1416 4059 1420 4064 Α

93 4095 132 4165 uu
153 4099 196 4145 ro.
250 4095 353 4145 votes
371 4098 481 4146 aean.
535 4097 627 4146 Vener.
647 4099 671 4144 o
690 4114 768 4162 ...oq
784 4101 842 4149 ae.
894 4096 952 4146 ”et
969 4083 1260 4147 ratumenna?
1301 4094 1388 4145 neca

93 4180 232 4229 audiendo
253 4186 298 4229 eet
316 4182 362 4239 H.,
382 4197 537 4246 quenquam
557 4182 651 4231 andire
671 4181 746 4241 lieet,
766 4183 824 4231 erlrl.
888 4181 909 4213 ¹²
927 4182 1026 4230 Pavor.
1046 4184 1072 4230 in
1089 4195 1169 4243 orrnp.
1184 4183 1242 4229 M.
1302 4178 1323 4210 ¹³
1340 4196 1386 4244 po-

92 4271 135 4314 tes
152 4266 188 4314 H.
208 4265 300 4330 possin
316 4266 378 4315 edd.
447 4267 526 4316 iuvas
545 4267 580 4315 H.
600 4267 679 4316 iuves
696 4268 755 4316 eaeld.
827 4263 847 4297 ¹⁴
864 4266 966 4330 probes
985 4268 1020 4315 II.
1045 4264 1144 4330 probes
1162 4265 1230 4319 edel..
1249 4265 1324 4311 ettam
1342 4267 1386 4313 13.

93 4352 217 4400 :Contra
236 4351 273 4400 H.
340 4350 459 4400 Inuidia.
480 4353 602 4413 inurerp.
623 4352 681 4400 3.5.
753 4349 773 4382 ¹¹
792 4351 882 4399 ‚Nem
901 4351 936 4398 H.
1008 4347 1028 4381 ¹⁹
1047 4348 1201 4413 Cupidines.
1220 4349 1245 4395 in
1263 4363 1344 4411 mnrq.
1362 4353 1387 4398 5.

94 4433 146 4467 ¹⁸³⁰
164 4442 223 4500 ntqj
242 4436 279 4484 H.
299 4440 331 4483 nt
350 4435 408 4484 edd.
477 4433 499 4465 ²⁸
519 4440 547 4483 et
565 4435 601 4483 H.
620 4440 651 4483 ut
673 4437 733 4484 edd.
787 4435 852 4483 lum.
867 4431 902 4497 v.]
923 4433 966 4481 Of.
980 4432 1104 4481 Mortiol.
1124 4432 1211 4496 epigr.
1226 4432 1272 4480 IV.
1285 4432 1311 4494 b,
1325 4442 1345 4482 t.
1361 4438 1389 4483 et

96 4535 177 4584 supro
195 4537 220 4585 p.
237 4519 279 4569 tu.
293 4524 352 4568 not.
368 4517 390 4566 l.
448 4516 470 4548 ’ὃ
488 4518 577 4568 facies
594 4519 631 4567 H.
652 4519 723 4569 tecit
740 4518 801 4568 brec
820 4519 878 4567 edd.
932 4514 983 4546 ¹⁵³⁸
1002 4517 1129 4566 excitans
1147 4517 1184 4566 H.
1204 4518 1310 4567 excitet
1328 4521 1386 4568 edd.

91 4602 112 4634 η
132 4605 248 4669 gignens
266 4604 307 4652 H.
329 4602 490 4666 gignitum.
545 4601 567 4634 ’Β
586 4603 660 4652 vicii]
680 4607 704 4652 1.
718 4610 742 4652 et
756 4605 808 4652 atii.
864 4600 887 4632 ³⁰
906 4601 1061 4650 referentur
1080 4604 1123 4651 ts.
1176 4599 1197 4633 ³¹
1217 4601 1256 4650 ibi
1274 4604 1335 4652 edd.
1349 4604 1387 4653 H.

90 4689 117 4747 tt.
132 4704 153 4736 e.
168 4692 192 4737 in
205 4689 290 4749 enta.)
329 4686 374 4734 Of.
390 4686 569 4736 ‘Borcodibus
587 4687 734 4751 pernicior'
754 4703 798 4752 op.
813 4688 919 4736 Eraom.
932 4686 1019 4751 Adog.
1072 4685 1095 4717 ³²
1114 4684 1195 4752 qnod]
1215 4687 1280 4751 quin
1300 4690 1344 4737 13.
