3210 5416
151 332 162 360 0

63 370 134 436 [lAC.
144 368 218 435 sont]
234 385 423 419 elementatus
437 384 730 420 ctt'.vr01’.1)tut.t)ttvs
744 385 779 418 lut
794 384 1002 419 racvtra'ttnvs
1017 383 1227 421 ROMANENSIVM.
1283 354 1356 426 503
1447 408 1450 412 -

60 545 142 603 laceb
164 546 232 600 duas
254 560 365 599 sarores
388 543 460 617 Lyan
484 551 510 598 et
527 542 639 605 llaclrel,
663 542 732 598 lilius
754 541 843 600 Lalran
865 543 988 599 ammonii
1016 544 1072 606 sui,
1097 545 1122 598 in
1146 544 1357 607 matrimonium,
1400 536 1401 539 ¹

60 630 222 686 servitutem
246 627 401 690 serviendo,
425 629 538 702 adeptus
561 637 611 684 est.
653 650 654 653 ¹

128 716 225 771 Puer.
262 713 380 785 Expecto
403 731 533 786 quorsum
556 714 657 768 evadat.
1330 709 1333 713 ’
1364 731 1424 778 §.a-‘t

129 800 290 871 legatus.
327 798 416 870 Atque
446 798 527 853 etiam
559 798 585 853 in
614 796 720 870 legilms
748 794 873 853 llehraeo'
891 797 993 870 populo
1022 806 1155 854 statutum
1185 800 1289 862 luerat,
1322 818 1357 855 ne

22 901 38 939 a
63 893 143 941 extra
166 883 267 940 tribum
290 899 389 939 uxores
410 882 553 949 inicerent,
588 882 757 938 abstinerent
780 899 843 938 vero
865 882 975 956 penitus
1005 883 1038 937 alr
1066 882 1238 956 alienigenis,
1273 893 1357 956 atque

62 969 133 1025 adeo
148 968 233 1024 lrater
257 966 358 1028 lratris,
381 967 521 1040 proximus
543 967 659 1041 proximi
682 984 775 1022 semen
789 967 977 1030 exuscitaret;
997 968 1026 1022 ld
1050 969 1121 1040 qnod
1144 970 1177 1024 de
1194 968 1307 1032 Thamar
1329 977 1357 1024 et
1397 989 1407 1003 ⁸

62 1053 138 1108 Ruth
160 1051 304 1108 lrloabitide
326 1052 542 1109 commendatum
565 1052 702 1107 memoriae
725 1060 775 1107 est.
820 1050 936 1118 Qirarum
967 1069 1057 1107 rerum
1087 1055 1205 1108 omnium
1233 1054 1281 1109 lias
1304 1071 1356 1125 ego

63 1138 116 1193 tibi
140 1137 259 1192 rationes
281 1135 375 1191 dicam.
410 1137 537 1210 ¹primum
561 1136 688 1208 quoniam
711 1136 747 1191 ita
772 1136 807 1191 oli
830 1136 969 1192 hominum
992 1137 1132 1210 penuriam
1154 1147 1213 1193 erat
1236 1155 1354 1198 necesse,

64 1241 116 1278 uec
138 1222 229 1296 potnit
251 1219 331 1277 aliter
352 1219 423 1275 lieri:
446 1221 581 1294 quomodo
604 1221 675 1277 enim
699 1221 745 1276 lilii
769 1222 844 1282 ddaa,
874 1221 1011 1294 quomodo
1033 1222 1129 1277 deinde
1153 1222 1200 1276 lilii
1222 1231 1250 1278 et
1272 1240 1355 1295 nepo·

25 1322 53 1362 u·
67 1316 110 1363 tes
133 1307 188 1363 Noe
211 1313 285 1362 extra
308 1306 498 1377 cognationem
520 1306 646 1379 nupsisse
668 1295 977 1379 potuissentslmmann
1000 1323 1100 1378 genere
1123 1302 1163 1362 vel
1186 1307 1288 1363 recenti
1311 1308 1356 1362 ad·

62 1393 119 1448 linc
142 1391 183 1447 val
203 1390 294 1461 deleto
314 1389 439 1463 penitus?
462 1391 600 1463 quomodo
623 1399 718 1464 postea
739 1390 873 1445 dliralram
897 1399 972 1446 extra
994 1409 1069 1446 suam
1093 1392 1220 1465 stirpem,
1243 1392 1286 1448 eui
1303 1390 1354 1446 soli
1366 1406 1383 1455 r.
1392 1409 1424 1450 ru.

62 1477 128 1532 data
150 1475 319 1531 circumcisio
341 1482 413 1537 erat,
443 1493 505 1531 cnm
533 1482 645 1531 externo
674 1493 774 1548 genere
796 1475 855 1530 sine
877 1468 1119 1531 commaculatione
1146 1477 1281 1532 iunxisset-
1301 1493 1356 1532 ma·

64 1560 240 1617 trunonium‘i
270 1559 358 1616 vetuit
376 1559 448 1616 euim
469 1560 550 1621 deus,
573 1576 610 1614 ne
630 1560 871 1616 commiscerentur
893 1577 953 1615 cum
976 1559 1150 1633 alienigenis,
1180 1579 1230 1635 per
1253 1579 1357 1635 quasa

63 1644 143 1702 cultu
165 1645 220 1700 reri
240 1644 284 1715 ¹dei
308 1644 339 1699 ad
362 1643 497 1700 idolorum
520 1643 762 1701 convertebantur:
785 1644 921 1701 commixti
944 1644 1076 1717 siquidem
1093 1644 1141 1700 lilii
1156 1646 1199 1701 dei
1214 1662 1274 1702 eum
1290 1645 1357 1701 lilia·

28 1730 119 1786 ralms
141 1729 280 1786 lrominum
304 1728 329 1782 in
358 1728 451 1784 diluvii
481 1747 588 1803 pomam
616 1728 659 1784 dei
688 1729 754 1784 iram
790 1738 981 1803 provocarunt.
1026 1730 1233 1803 superveniente
1261 1730 1357 1785 deiude

64 1832 129 1870 vera
152 1813 284 1886 religione
309 1831 340 1869 ac
361 1822 479 1869 veterem
502 1813 624 1870 solvente
647 1812 749 1890 legem,
773 1831 852 1887 quam
869 1813 1000 1869 latissime
1021 1814 1195 1870 seminarium
1216 1814 1357 1870 charitatis

64 1898 180 1955 dillundi
203 1898 335 1972 optimum
359 1906 431 1962 orat;
466 1899 538 1971 quod
562 1899 628 1957 adeo
651 1898 724 1954 nulla
747 1899 799 1955 alia
822 1917 852 1954 re
874 1898 965 1972 aptius
994 1899 1051 1953 deri
1079 1899 1182 1972 potuit,
1218 1914 1296 1972 qnam
1327 1905 1357 1953 nt
1426 1920 1428 1923 ·

65 1983 128 2040 utili
157 1984 325 2056 honestaque
342 1981 499 2039 *concordia
527 1984 693 2039 diversarum
717 1983 945 2039 necessitudinum
968 1983 1082 2039 vinculis
1111 1985 1286 2039 necterentur
1308 1983 1357 2039 lio·

65 2069 168 2130 minem
197 2067 326 2123 suadebat
357 2068 438 2123 etiam
461 2068 513 2123 hoc
539 2068 654 2123 humana
678 2068 801 2141 quedam
823 2068 983 2124 verecundia
1005 2076 1033 2123 et
1055 2068 1187 2124 naturalis
1209 2077 1236 2123 et
1266 2067 1357 2123 lauda·

26 2152 147 2220 arabilis,
170 2161 200 2208 nt
222 2151 319 2225 quilius
341 2152 486 2209 deleamus
509 2148 545 2207 oli
567 2154 800 2226 propinquitatem
823 2154 955 2208 honorem
978 2153 1159 2215 verecundiae,
1183 2153 1216 2209 ab
1232 2153 1280 2209 tris
1296 2151 1357 2208 alis·
1382 2210 1385 2219 q

66 2231 202 2293 tineamus
224 2238 312 2292 etiam.
880 2290 889 2300 ,

131 2323 226 2377 Puer.
264 2322 397 2389 Quantum
421 2335 491 2394 ergo
512 2320 650 2395 intelligo,
679 2338 739 2377 enm
762 2323 790 2378 in
814 2322 945 2395 gradibus
965 2324 1140 2397 dispensatur
1167 2323 1425 2397 propinquitatis.
1486 2383 1496 2400 1

66 2408 117 2468 tis,
141 2414 168 2462 et
190 2407 315 2463 charitati
338 2406 497 2461 Christianae
520 2415 547 2462 ct
571 2407 738 2463 verecundiae
762 2407 878 2463 naturali
900 2408 930 2463 lit
953 2408 1153 2464 detrimentum.

131 2491 290 2563 Legatus.
328 2491 425 2564 Negari
449 2509 503 2546 uon
527 2499 618 2564 potest
640 2492 681 2553 id;
712 2500 896 2548 verumtamen
920 2493 982 2566 quia
1006 2493 1058 2548 lioe
1081 2493 1147 2548 iuris
1177 2502 1218 2548 est
1248 2493 1357 2566 positivi

28 2576 234 2648 ashumauiqne
256 2575 391 2636 instituti,
415 2593 464 2649 per
486 2575 637 2638 huminem,
666 2576 720 2632 lroc
742 2585 783 2632 est
806 2593 940 2633 summurn
963 2578 1132 2650 pontificem,
1159 2577 1287 2649 derogari
1310 2595 1358 2650 po·

67 2669 137 2722 test,
161 2660 252 2717 autsi
275 2660 347 2722 velit,
371 2661 479 2733 penitus
502 2659 604 2717 aboleri
628 2678 658 2716 en
682 2661 781 2717 tabulis
804 2661 944 2717 omnibns:
976 2669 1049 2717 tanta
1071 2663 1143 2717 enim
1165 2672 1207 2717 est
1230 2662 1268 2716 vis
1292 2678 1359 2734 pon·

66 2745 143 2802 tilicii
166 2746 300 2818 pectoris,
324 2763 385 2818 qnae
407 2745 481 2800 etin
505 2763 546 2803 me
569 2763 619 2801 ceu
641 2763 690 2819 per
711 2745 831 2802 canalem
853 2746 987 2806 derivata,
1010 2755 1041 2801 ut
1064 2747 1135 2819 quod
1159 2746 1216 2819 ipse
1239 2746 1358 2805 lllromre.

66 2849 121 2902 ego
143 2830 186 2885 liic
208 2831 267 2894 eins
290 2829 399 2886 nomine
423 2830 534 2903 possim.
578 2838 761 2885 verumtamen
792 2831 920 2903 qnoniam
943 2832 1017 2902 grani
1041 2831 1084 2886 laic
1108 2838 1216 2903 surnptu
1240 2845 1358 2902 premor,

68 2914 105 2971 ob
127 2913 236 2970 lumiliae
260 2914 488 2987 magnitudinem,
511 2932 606 2988 magna
629 2915 710 2971 etiam
732 2912 894 2971 necessitate
917 2932 1033 2987 urgeor,
1063 2915 1184 2986 gratuito
1208 2913 1265 2969 lieri
1288 2913 1359 2968 dari-
1450 2970 1455 2974 ,

31 3018 123 3073 seque
147 2999 173 3055 id
195 3018 210 3054 a
233 3016 274 3055 me
297 3016 352 3055 non
375 3007 482 3073 potest:
517 3000 549 3054 ad
578 3000 631 3056 hoc
658 3007 732 3056 certa
754 3000 787 3055 ad
810 2999 969 3071 exigendum
992 3015 1023 3054 es
1045 2998 1161 3072 singulis
1184 2996 1358 3053 luenltutilms

67 3084 236 3140 aPomisree
258 3084 322 3138 milii
347 3084 501 3157 prestituta
524 3093 566 3140 est
589 3085 711 3158 pecuniae
734 3101 850 3139 summa:
885 3091 915 3138 ut
943 3101 1010 3156 ergo
1040 3090 1066 3139 et
1097 3101 1111 3139 a
1140 3091 1236 3156 stupro
1268 3092 1296 3137 ot
1319 3082 1359 3136 in·
1418 3114 1430 3133 s

66 3177 145 3225 cestu
168 3167 323 3224 absolvatur
345 3167 432 3230 lilius,
466 3156 563 3226 deiude
593 3186 641 3242 per
669 3167 769 3225 bullam
797 3166 976 3242 apostolicam
999 3168 1029 3224 'ei
1052 3167 1132 3224 liceat
1154 3174 1358 3240 constupratam

66 3255 96 3309 in
119 3270 231 3310 uxorem
253 3253 367 3314 ducere,
395 3253 572 3326 qnadraginta
594 3253 708 3310 ‹lncatos
730 3254 776 3310 det
798 3261 917 3327 oportet.

132 3338 258 3394 llenuo.
295 3337 474 3394 Elaeuelieu!
499 3356 527 3399 o,
553 3340 582 3394 ol
720 3374 721 3377 =
1162 3386 1166 3394 ,
1368 3356 1427 3405 era,

34 3440 59 3481 aa
134 3424 227 3484 Puer.
259 3423 312 3478 lam
335 3422 414 3496 plane
437 3422 514 3478 video
538 3423 602 3497 quid
625 3424 738 3498 pecunia
762 3423 863 3497 possit:
888 3423 956 3479 lianc
978 3440 1039 3479 cunr
1060 3423 1182 3485 dederis,
1206 3421 1295 3478 solvet
1310 3421 1358 3477 tibi

66 3507 238 3582 disciplinam
260 3507 401 3564 charitatis
423 3507 599 3570 Christianae,
630 3507 780 3564 naturalem
809 3509 1006 3581 humanamque
1028 3508 1215 3564 tiereeundiam
1244 3521 1383 3562 omnem..

68 3594 138 3667 quio
161 3593 211 3664 iam
233 3610 284 3666 per
305 3592 378 3649 hunc
399 3591 535 3664 legatum,
560 3595 633 3649 ornni
656 3593 764 3649 sulilnto
788 3593 958 3654 discrimine,
983 3593 1009 3647 in
1032 3594 1218 3666 promiscuos,
1243 3593 1360 3647 ferarum

67 3679 140 3740 ritu,
172 3677 335 3733 concubitus
364 3677 487 3743 ruimus?
521 3695 577 3733 non
606 3678 677 3733 filius
705 3679 812 3733 demum
841 3679 935 3733 matris
952 3678 1074 3746 =ducatur
1096 3678 1270 3739 verecundia,
1306 3694 1359 3731 non

68 3761 245 3837 pelorides,
269 3779 324 3817 non
346 3763 431 3818 irater
453 3763 571 3824 sororis,
600 3780 656 3818 non
680 3763 819 3836 privignus
842 3781 979 3819 novercae:
1009 3762 1129 3828 videnms
1150 3764 1222 3818 enim
1249 3761 1361 3833 exiguas

33 3845 205 3908 aescelerum
227 3845 363 3925 scintillas·
381 3847 408 3901 in
431 3846 574 3903 maximnm
599 3848 704 3903 taudem
719 3866 906 3922 ¹prorumpere
928 3846 1097 3909 incendium,
1127 3865 1157 3903 ac
1180 3844 1247 3900 mala
1271 3845 1359 3899 rirnuia

69 3933 96 3988 iu
120 3933 227 4005 peiora,
261 3949 292 3987 ac
315 3930 384 3986 liona
406 3933 489 3987 etiam
510 3932 537 3986 in
560 3933 629 3989 rnala
651 3933 772 3988 converti
795 3933 930 4006 quotidie,
964 3929 1034 3986 mula
1062 3931 1089 3986 in
1118 3930 1187 3985 lmna
1210 3926 1287 3983 nullo
1310 3944 1359 3982 un·

67 4034 150 4090 qnam
173 4034 250 4071 versa
272 4016 358 4072 scrisse
382 4024 513 4089 tempore.
562 4017 690 4074 Profecto
718 4016 883 4079 divinabam,
915 4016 969 4072 imo
999 4023 1075 4071 certo
1106 4013 1238 4073 sciebam,
1273 4018 1427 4075 tetameaa.

68 4103 139 4158 lianc
163 4100 346 4173 theologicam
368 4101 467 4157 veteris
489 4101 607 4175 novique
630 4101 784 4158 testamenti
806 4099 1091 4158 commemorationem
1116 4098 1166 4153 lruc
1190 4096 1296 4154 tandem
1318 4111 1360 4150 re·

67 4187 143 4247 dire.
167 4185 290 4258 ‘pecunia
311 4186 391 4241 detur
414 4185 541 4260 oportet’.

140 4367 147 4400 ¹
169 4368 270 4418 Genea.
284 4351 384 4417 XlllX.
402 4367 440 4416 ld.
454 4384 512 4433 sqq.
565 4367 576 4398 θ
595 4367 694 4416 Genes.
707 4365 860 4416 xxxvtlt.
873 4364 898 4414 8.
918 4370 946 4414 et
958 4364 1040 4413 Ruth.
1054 4364 1099 4414 IV.
1112 4363 1136 4413 5.
1150 4364 1175 4412 7.
1225 4360 1245 4394 ¹²
1263 4362 1362 4413 Genes.

69 4454 158 4505 xvtr.
174 4452 213 4506 10.
227 4469 286 4518 sqq.
340 4450 361 4484 ¹³
379 4453 464 4503 Exod.
478 4437 602 4504 XXXlV.
618 4450 656 4500 ta.
676 4451 785 4500 Numer.
799 4448 901 4498 xvttt.
914 4450 939 4501 4.
952 4464 1009 4512 sqq.
1054 4444 1073 4480 ¹¹
1093 4448 1194 4501 (lenes.
1205 4448 1251 4497 VI.
1265 4447 1289 4496 2.
1304 4463 1362 4511 sqq.

71 4537 92 4570 ¹⁵
110 4537 151 4589 35.
166 4553 191 4601 q.
206 4538 228 4587 1.
242 4552 303 4588 eum
322 4538 415 4604 igitur.
428 4540 455 4588 in
472 4553 551 4601 marp.
566 4539 590 4585 1.
602 4536 620 4585 i.
635 4551 659 4584 a.
673 4534 802 4584 Gratiani
820 4535 924 4586 deeset,
943 4538 1013 4598 part.
1027 4534 1063 4582 11.
1078 4548 1152 4582 caus.
1167 4532 1209 4584 35.
1229 4537 1324 4597 quoest.
1341 4529 1363 4583 l.

71 4624 116 4685 (ax
134 4624 281 4687 Angustia.
295 4621 329 4671 de
349 4624 401 4675 civ.
414 4623 461 4673 dei
473 4622 530 4671 XV.
547 4618 598 4681 16.)
667 4617 689 4649 ¹⁵
712 4618 760 4668 Vis
778 4619 915 4683 pontificii
933 4620 1078 4684 pectoris*
1148 4616 1169 4648 ³⁵
1192 4619 1249 4668 Hui
1267 4618 1363 4669 bellem

72 4705 93 4740 ⁴⁰
113 4707 191 4758 Cart.
205 4708 251 4758 vt
264 4706 326 4769 3,11.
346 4708 458 4770 „Parva
477 4722 551 4771 saepe
570 4703 693 4754 scintilla
713 4707 872 4768 contempte
890 4719 1017 4769 magnum
1032 4703 1166 4754 excitavit
1178 4704 1361 4754 incendium.”
