3232 5422
220 367 293 438 338
396 381 485 430 Vllll.
556 396 680 429 uomrou
701 396 812 430 imruvs.
884 394 1225 429 oranoovsnvrraurcrs.
1252 378 1336 441 (152⁰.)

219 555 290 612 siam
319 548 479 610 revocans?
507 548 641 608 Pontifici
670 549 748 627 quod
778 549 904 608 muudus
935 548 1052 618 tribuit,
1082 547 1162 608 solus
1191 549 1343 609 adimens?
1371 554 1494 625 praterea

219 642 409 713 multa'idem
433 668 552 719 moneS,
575 669 591 708 a
614 651 762 710 communi
786 669 850 729 quae
872 649 1053 710 abhorreant
1074 667 1171 709 sensu.

281 772 454 816 urrnanvs.
493 752 624 812 Primum
653 750 723 810 ieris
751 753 858 810 author
886 751 989 827 uulgus
1019 758 1077 819 est,
1113 768 1209 828 neque
1238 751 1361 828 dignum
1389 748 1416 808 id
1437 748 1496 807 iudi·
1578 741 1579 747 '

219 858 306 922 tium,
336 855 382 915 eui
410 872 425 912 a
454 852 538 911 bonis
566 850 770 915 subscribatur
799 855 894 911 statim
924 854 971 911 ita.
1017 853 1092 911 scias
1119 858 1150 910 tu
1178 870 1249 911 vero
1273 853 1302 911 iu
1326 850 1447 928 gloriam
1466 850 1497 908 ire

219 956 383 1034 plerunque
407 955 570 1021 infamiam,
595 972 798 1032 summamque
821 972 886 1014 esse
909 941 1046 1025 uirtutem
1069 955 1098 1012 in
1121 950 1241 1012 sceleris
1264 952 1403 1030 opinione
1422 951 1512 1009 virtu-⁵

221 1067 279 1118 tem
303 1057 424 1123 sectari,
447 1073 508 1113 nec
532 1072 617 1131 posse
641 1053 685 1114 rel
708 1055 889 1133 turpitudine
910 1056 1052 1132 imputata
1075 1052 1111 1113 ab
1135 1052 1212 1114 illius
1233 1054 1332 1115 studio
1361 1052 1497 1112 deterreri.

164 1158 331 1222 tulleinde
354 1175 413 1216 non
436 1156 493 1215 boc
516 1155 590 1215 iacio
613 1156 690 1233 quod
715 1162 747 1215 tu
770 1157 930 1224 existimas,
960 1155 1012 1215 sed
1040 1173 1056 1213 3
1085 1154 1222 1214 sordibus
1251 1163 1281 1215 te
1302 1155 1341 1214 ad
1364 1152 1498 1214 inlustrem

222 1278 276 1337 ego
299 1260 424 1318 nitorem
447 1255 611 1325 tr·ansiero,
635 1277 650 1315 a
675 1257 805 1317 tenebris
828 1260 856 1317 in
879 1256 975 1317 lucem
998 1256 1137 1325 traduco,
1161 1264 1190 1316 et
1213 1254 1341 1317 levatum
1365 1274 1381 1315 e
1404 1252 1461 1313 inte
1479 1254 1499 1311 in

219 1379 310 1421 aureo
332 1358 415 1419 sedili
438 1356 560 1418 colloco.

283 1481 431 1523 nostros.
470 1458 536 1528 Quo
558 1459 586 1519 id
609 1461 802 1536 argumento?
1468 1467 1473 1475 ·
1504 1469 1521 1508 n
1581 1514 1582 1518 ,
1610 1510 1614 1511 ⁷

220 1561 357 1641 {¹5:332st
422 1581 595 1623 uvrnunvs.
634 1560 707 1631 bun
735 1563 887 1622 ueritatem
914 1561 1004 1623 iubeo
1038 1559 1196 1620 observare
1229 1568 1276 1628 te,
1312 1568 1342 1620 et
1370 1559 1498 1619 Christum

221 1665 319 1743 sequi,
354 1663 477 1741 eiusque
512 1664 629 1741 penitus
664 1661 778 1740 legibus
806 1664 948 1724 intentum
983 1663 1078 1723 divina
1108 1678 1263 1738 capessere
1299 1661 1449 1730 mandata,
1477 1665 1499 1718 ut

221 1763 393 1845 posthabitis
416 1764 567 1824 bominum
590 1763 794 1824 traditionibus
816 1770 896 1825 totus
918 1766 947 1823 in
971 1765 1004 1823 iis
1027 1764 1196 1840 occuperis,
1221 1781 1319 1840 neque
1342 1761 1432 1823 latum
1446 1760 1498 1822 inde

222 1885 368 1944 unguem,
392 1865 578 1944 quantumuis
600 1867 764 1928 necessaria
789 1885 824 1926 ex
847 1866 970 1926 adrerso
994 1862 1099 1924 clanret
1121 1864 1200 1944 quis,
1230 1871 1259 1923 et
1288 1872 1498 1942 quantocunque

166 1974 340 2035 qurerocet
362 1945 478 2046 opere,
495 1966 642 2034 discedas;
673 1966 815 2036 breviter,
847 1969 973 2045 ingenue
995 1966 1176 2026 Christianus
1198 1973 1229 2025 ut
1252 1965 1307 2033 εἰς,
1339 1966 1444 2025 author
1462 1961 1521 2022 utto

220 2088 285 2130 sum
309 2077 396 2146 atque
418 2067 481 2128 lucc
503 2068 606 2127 (luceo.
646 2088 711 2149 quae
733 2070 824 2148 siquis
846 2077 890 2129 est
912 2069 1078 2147 quinugas
1100 2070 1327 2145 iuterpretatur,
1352 2068 1427 2127 scias
1448 2081 1498 2125 eun

221 2189 280 2229 nou
303 2169 413 2231 habere
435 2169 557 2228 instituti
580 2170 723 2230 rationem
746 2171 807 2239 sui,
831 2188 928 2249 neque
950 2169 1039 2230 beare
1062 2177 1106 2239 te,
1136 2188 1204 2228 ctam
1226 2167 1283 2227 alio
1306 2169 1437 2237 divertit,
1463 2163 1498 2225 sed

221 2270 329 2347 puppam
354 2276 361 2345 Ι
384 2273 413 2329 in
436 2289 569 2331 errorem
593 2270 741 2333 abducere
769 2273 862 2347 magis
890 2290 924 2330 ac
951 2271 1086 2350 perdere.
1132 2278 1162 2330 tu
1186 2277 1300 2337 antem,
1331 2270 1402 2329 tanti
1423 2281 1500 2345 nuper

222 2374 324 2439 animi,
348 2371 467 2430 sordida
490 2390 576 2432 vocas
599 2372 676 2440 haec,
706 2390 764 2431 nou
789 2371 834 2431 illa
859 2373 956 2449 potius
978 2375 1108 2458 animum
1129 2373 1205 2432 inire
1227 2371 1422 2438 detonantia,
1451 2382 1501 2447 qua
1581 2372 1582 2378 ’

222 2480 385 2553 sequuntur
406 2474 455 2533 isti
477 2481 505 2534 et
527 2474 681 2534 numinum
705 2471 770 2533 loco
793 2481 985 2543 venerantur,
1009 2475 1159 2534 avaritiam
1182 2480 1211 2532 et
1232 2479 1395 2550 quaestum,
1418 2469 1525 2532 turma

222 2584 254 2641 et
273 2574 443 2636 libidinem?

169 2699 214 2748 §.a
289 2696 440 2739 uourron.
478 2677 514 2735 tt
537 2676 622 2736 etiam
647 2678 797 2736 veritatem
821 2678 975 2753 profitetur
997 2675 1130 2736 Pontifex
1154 2683 1182 2735 et
1205 2694 1272 2734 eum
1296 2675 1413 2737 Christo
1441 2669 1513 2735 tacit
1559 2664 1560 2668 ’
1604 2724 1605 2727 ,

222 2780 275 2841 sed
305 2779 373 2840 huic
396 2777 433 2837 ob
457 2777 501 2846 id,
531 2796 618 2855 qoam
642 2784 672 2836 tu
695 2785 745 2838 aut
772 2776 846 2837 alins
874 2779 1015 2856 quisque,
1049 2779 1172 2854 propius
1201 2785 1407 2847 conversatur,
1442 2761 1520 2854 quod
1607 2774 1608 2777 ’

223 2905 291 2940 carim
310 2904 395 2938 victas.
431 2879 592 2953 {Vicarius
614 2897 732 2956 quoque
755 2887 795 2940 est
821 2886 850 2938 et
871 2880 1048 2939 transfusam
1071 2881 1100 2938 iu
1129 2897 1162 2938 se
1190 2896 1307 2938 omnem
1343 2880 1436 2957 ipsius
1463 2874 1525 2935 vim

147 3041 150 3044 s
224 2983 313 3044 habet
341 3001 375 3042 ac
402 2982 467 3059 pari
496 2981 626 3055 iungitur
655 2987 807 3058 potestate.
853 2980 1049 3040 Christianum
1080 2999 1149 3040 vero
1174 2998 1238 3041 esse
1267 2980 1337 3058 quid
1365 2981 1438 3039 tanti
1465 2964 1553 3040 eff

175 3144 179 3152 ,
225 3103 292 3143 com
315 3083 363 3144 ille
384 3082 487 3143 beatos
509 3082 597 3142 etiam
620 3083 719 3149 iaciat,
750 3089 781 3141 ut
802 3099 905 3142 errare
927 3100 986 3141 uon
1010 3083 1123 3158 possint
1145 3084 1194 3160 qni
1221 3081 1376 3141 adbaereut
1403 3083 1444 3151 ei,
1475 3061 1538 3136 cll

225 3187 267 3245 sic
290 3202 358 3243 curn
381 3183 497 3243 Cbristo
520 3183 669 3248 convenit.
699 3190 731 3242 ut
753 3184 845 3260 possit
867 3182 946 3261 quod
968 3182 1036 3242 velit
1058 3184 1143 3243 etiarn
1167 3190 1310 3251 statuere,
1347 3202 1416 3242 cum
1440 3191 1471 3244 tu
1510 3169 1544 3228 ”¹

225 3286 365 3362 angustiis
387 3286 503 3344 iuterim
527 3285 652 3344 verseris
675 3292 704 3344 et
726 3283 762 3343 ab
779 3284 935 3360 Evangelio
958 3302 1017 3344 non
1039 3287 1117 3344 ausis
1133 3283 1177 3345 rel
1192 3283 1338 3345 tantillum
1354 3266 1549 3362 respicerss'«

171 3408 215 3455 es.
289 3406 460 3449 ursaceus.
499 3385 689 3464 Nequaquam
713 3403 817 3463 parum
841 3394 885 3446 est
907 3385 1014 3446 Christi
1044 3386 1184 3448 ricarium
1213 3403 1293 3454 esse,
1328 3386 1380 3446 sed
1411 3366 1555 3448 meritis

227 3494 364 3548 censetur
387 3486 456 3556 boc,
486 3505 546 3546 uon
569 3488 711 3565 cuiusque
734 3487 892 3548 ambitione
915 3495 944 3547 et
965 3487 1103 3566 imposito
1130 3489 1257 3547 nomine.
1304 3488 1385 3566 quod
1417 3497 1450 3548 ut
1472 3459 1583 3547 1¹³¹·³⁰

225 3587 297 3648 bere
319 3587 399 3647 illum
423 3586 570 3656 obtineas,
606 3606 680 3665 opus
709 3587 761 3648 tibi
792 3589 846 3648 erit
869 3596 962 3650 totum
985 3589 1021 3649 de
1042 3590 1159 3666 integro
1188 3589 1319 3648 formare
1342 3585 1564 3650 ronuueet'l»

224 3707 352 3774 eumque
374 3687 462 3747 alium
485 3706 544 3747 non
567 3707 653 3766 quam
677 3688 728 3749 tibi
752 3708 806 3768 ego
828 3691 955 3768 depinxi.
995 3709 1096 3755 versor
1118 3697 1216 3750 autem
1239 3691 1267 3749 in
1291 3693 1437 3768 angustiis
1459 3687 1567 3768 abb

225 3793 275 3869 qui
299 3790 551 3867 circumscriptam
575 3792 788 3868 angustissimis
811 3791 951 3851 limitibus
973 3791 1145 3870 religionem
1168 3792 1256 3861 hauc,
1287 3799 1330 3851 tot
1361 3800 1421 3853 tam
1444 3780 1570 3853 arab

225 3901 357 3954 coaetant
380 3893 493 3952 circum
516 3890 666 3958 claustris,
691 3894 816 3952 vinctam
839 3894 913 3952 inire
935 3894 1020 3952 variis
1044 3899 1073 3953 et
1094 3879 1295 3972 conqrressam
1319 3893 1453 3970 legibus,
1476 3892 1572 3950 σθ·

223 3991 329 4069 tilithi„
353 3986 361 4057 Ι
383 3996 523 4055 rameniis
546 3994 702 4054 obnoxiant
725 3993 812 4072 louge
833 3995 1140 4072 superstitiosissimis,
1164 3997 1193 4053 in
1215 3994 1383 4056 libertatem
1405 3995 1524 4055 illan·
1561 3971 1600 4029 ²¹³⁵

171 4107 218 4155 ea.
231 4096 346 4155 Christo
368 4095 465 4155 datam
487 4099 625 4163 restituo,
656 4104 684 4156 et
706 4095 743 4155 ab
766 4095 882 4155 inferno
904 4096 1080 4173 productam
1103 4114 1222 4156 earcere
1244 4096 1300 4155 sibi
1324 4097 1431 4158 reddo.
1468 4071 1577 4156 fied

225 4194 330 4273 {32'3223
340 4195 408 4272 ppme
430 4215 438 4286 q
460 4198 516 4258 hoc
540 4197 656 4257 tandem
681 4197 752 4259 mibi
775 4196 914 4264 edissere,
938 4196 989 4258 ubi
1012 4195 1060 4257 illa
1075 4199 1153 4258 inter
1166 4196 1334 4259 Romanum
1352 4197 1480 4259 Pontitic
1494 4191 1578 4241 ΛΠ]

224 4304 251 4354 et
268 4297 415 4358 Christum
432 4300 512 4359 laeta
535 4306 579 4359 est
601 4301 772 4359 consentio?
1379 4304 1382 4310 '

208 4385 210 4388 ’
288 4419 436 4459 uourroa.
453 4432 455 4436 >
475 4401 518 4459 lbi
547 4402 639 4469 enim,
670 4400 787 4478 iprarrdo
814 4409 844 4460 et
874 4399 983 4477 ligandi
1013 4400 1091 4478 quod
1122 4399 1207 4462 vellet
1237 4409 1266 4462 et
1288 4400 1423 4464 soluendi
1445 4375 1579 4481 qtffld

222 4531 409 4542 ————-——=

291 4598 313 4631 ¹²
325 4602 459 4650 intentam
474 4605 496 4650 1.
534 4618 684 4666 capescere
697 4605 755 4653 edd.
804 4603 824 4634 ¹⁶
837 4605 1043 4667 interpraetatur
1057 4607 1079 4652 1.
1128 4603 1362 4655 ”ediscereedd
1383 4581 1575 4654 Ctl‘rffiss·

224 4685 555 4745 ep.ll.adCor.Vl.15.
610 4685 881 4738 ³⁹Metth.xv1.to.
1024 4686 1026 4689 ’
