3188 5422
267 355 340 427 464
453 388 556 423 ornato
575 388 611 423 ΔΙ)
630 388 771 424 ΘΗΒΙΕΊὟΙ
791 390 852 424 OP'l'.
868 390 933 423 ΙΑΧ.
949 390 1001 423 I'BO
1020 390 1099 425 tvtto
1119 390 1151 426 lt.
1166 389 1272 424 moun:
1293 390 1317 424 P.
1332 390 1362 425 Ι.

910 448 922 464 o

266 552 296 599 ut
318 544 362 600 hic
383 543 466 600 lulius
482 544 556 606 ‚Inlio
579 545 698 619 placeat,
722 546 867 620 audiatque
882 545 1042 620 pestilentes
1056 545 1212 602 adulatores
1227 546 1324 602 Iuliani
1340 546 1455 602 nominis
1474 563 1538 623 omen

266 629 293 683 in
319 627 417 685 coelum
449 628 591 691 tollentes,
625 647 658 685 ne
689 630 761 692 ioroe
788 631 926 687 cordatior
955 629 1056 704 aliquis
1082 631 1143 687 uitae
1171 630 1377 687 similitudinem
1406 647 1541 703 agnoscens

267 713 367 769 exitum
391 714 455 769 item
477 713 591 769 similem
615 715 793 788 imprecetur-2
816 715 863 771 sed
885 716 995 771 Petrum
1018 715 1069 770 sibi
1093 723 1243 789 proponat,
1268 716 1320 771 cui·
1336 715 1395 789 ipse
1415 722 1473 770 tuas
1482 727 1541 770 oves

266 799 414 874 pascendas
435 796 610 860 commisisti,
634 799 680 853 sed
704 815 757 855 non
781 800 832 855 nisi
855 808 898 855 ter
920 817 1038 856 amorem
1061 799 1203 873 professo,
1236 801 1315 855 cuius
1345 800 1405 856 haec
1431 808 1542 854 estsere

267 879 404 956 pontificia
427 899 477 937 vox
500 883 526 938 in
549 882 704 956 evangelio:
728 882 818 945 Ince,
840 901 892 961 nos
915 883 1074 957 reliquimus
1097 885 1200 946 omnia,
1229 892 1258 940 et
1280 885 1368 940 secuti
1392 901 1482 940 sumus
1502 882 1557 942 te';⁵

266 965 344 1023 cuius
366 977 393 1022 et
416 965 461 1022 illa
484 975 526 1022 est
549 984 611 1022 rere
634 967 739 1022 maximi
763 967 899 1042 pontilicis
928 971 1037 1023 ‘durium
1066 975 1094 1023 et
1123 977 1267 1041 argentum
1296 985 1352 1024 non
1375 977 1417 1024 est
1439 984 1543 1025 mecum:

197 1053 345 1125 §.ruquod-
362 1059 451 1106 autem
474 1051 576 1114 habeo,
599 1052 651 1107 hoc
674 1051 722 1106 tili
744 1052 796 1108 do’.
839 1046 973 1119 Quantum
995 1052 1094 1108 absunt
1116 1052 1149 1108 ab
1171 1053 1220 1107 hac
1242 1052 1402 1108 excellentia
1416 1053 1486 1107 Petri
1508 1051 1543 1124 qui

266 1134 434 1212 spiritalibus
456 1136 536 1192 bonis
559 1136 668 1192 omuino
690 1137 765 1193 vacui
789 1145 877 1192 tamen
900 1136 997 1193 titulos
1026 1137 1154 1211 quosdam
1182 1146 1210 1192 et
1239 1155 1313 1193 incra
1344 1138 1454 1211 pictatis
1480 1152 1544 1191 roca·

265 1220 327 1277 bula
350 1237 449 1293 magno
472 1221 605 1282 vendunt,
635 1237 665 1276 ac
689 1228 792 1276 tantum
809 1221 867 1281 ¹hoc
888 1230 1057 1294 congerunt,
1081 1231 1108 1277 et
1130 1221 1189 1276 silii.
1203 1231 1376 1294 congerunt,
1407 1221 1480 1295 quod
1500 1220 1544 1294 pri·

264 1323 326 1362 mus
348 1304 393 1361 ille
416 1315 511 1380 pastor
532 1323 561 1361 sc
584 1321 637 1361 non
660 1304 760 1360 habere
782 1305 925 1378 gloriatur.
969 1305 1052 1372 Quam
1075 1306 1233 1368 absurdum,
1258 1315 1288 1362 ut
1310 1307 1441 1380 pauperis
1455 1305 1542 1360 Christi
1552 1315 1568 1353 tt

266 1389 381 1445 ‘vicarius
403 1399 505 1464 practer
526 1407 622 1445 aarum
644 1389 711 1444 nihil
731 1390 846 1451 habeat,
869 1400 898 1446 et
921 1398 1024 1446 tantum
1047 1391 1143 1445 Italicat
1166 1391 1224 1445 auri
1248 1399 1279 1446 ut
1301 1399 1427 1465 satrapas
1449 1406 1544 1464 quoque

198 1484 296 1533 §.tuac
319 1491 398 1547 reges
420 1475 533 1548 pecunia
555 1475 644 1548 possit
665 1491 850 1548 corrumpere.
895 1474 967 1530 llanc
996 1475 1081 1548 igitur
1110 1484 1162 1530 tam
1192 1471 1316 1530 eximiam
1340 1465 1413 1530 Petri
1438 1471 1544 1530 sullimi-

265 1554 349 1615 tatem
371 1577 469 1631 magno
491 1559 579 1614 animo
601 1557 702 1613 ambiat
724 1558 807 1618 Iul'ms
831 1565 906 1621 tuns,
934 1569 965 1615 ut
986 1577 1049 1615 rere
1072 1569 1134 1615 tuus
1156 1559 1208 1615 dici
1231 1561 1335 1633 possit:
1364 1577 1480 1633 cumque
1500 1575 1543 1613 non

265 1643 353 1700 solum
376 1644 449 1699 vitiis
472 1643 596 1699 omnihus
619 1642 717 1704 libera.
741 1652 772 1698 nt
793 1643 914 1717 populus
936 1653 998 1700 tuus
1022 1644 1048 1699 iu
1072 1643 1119 1698 illo
1144 1644 1181 1698 tui
1206 1644 1300 1700 videat
1316 1645 1475 1718 imaginem,
1500 1659 1543 1698 non

265 1728 386 1792 Satanae;
419 1744 511 1784 verum
540 1728 619 1783 etiam
649 1727 823 1784 rudissimam
852 1727 937 1783 obrtic
967 1727 1062 1783 lamam
1092 1746 1152 1802 quac
1180 1729 1213 1784 de
1244 1727 1294 1783 illo
1323 1738 1384 1785 toto
1412 1730 1464 1785 iam
1490 1727 1567 1782 oruc

264 1821 399 1868 terrarum
422 1811 504 1885 longe
525 1811 634 1886 lateque
656 1811 765 1874 volitat,
788 1812 856 1868 adeo
879 1813 967 1887 turpis
989 1822 1020 1869 ut
1042 1813 1095 1887 piis
1116 1830 1170 1869 non
1186 1812 1270 1868 libeat
1285 1814 1412 1874 crulere.
1436 1813 1480 1868 sed
1496 1828 1544 1866 rur·

156 1891 159 1896 ’
267 1914 326 1952 sum
349 1898 415 1953 adeo
437 1904 566 1953 constans
588 1905 619 1952 ut
642 1894 709 1952 nulli
734 1897 846 1952 mundar
868 1897 951 1952 videri
974 1898 1077 1971 possit:
1100 1915 1160 1972 quac
1183 1898 1292 1970 quidem
1316 1898 1397 1954 lionis
1411 1896 1541 1954 mentitus

266 1999 333 2056 quas
357 1991 419 2038 tuas
442 1982 555 2056 spiritus
577 1981 692 2043 afflavit,
722 1981 854 2064 suspiria,
884 1982 1029 2055 gemitum,
1058 1982 1187 2039 dolorem
1203 1983 1327 2045 adducit,
1358 1992 1485 2039 caeterum
1505 1980 1542 2035 lio

265 2066 353 2122 stibus
375 2067 437 2122 iidci
460 2067 544 2122 risum
566 2083 597 2122 ac
619 2065 784 2140 voluptatem
807 2066 909 2128 adlcrt,
938 2067 1007 2140 apud
1036 2083 1105 2140 quos
1133 2066 1169 2122 ol>
1190 2066 1305 2122 alienam
1329 2067 1465 2123 infamiam
1486 2063 1540 2120 nnla

198 2153 215 2203 l.
225 2156 254 2198 ¹8·
264 2151 340 2207 audit
361 2151 559 2208 sanctissimum
582 2167 679 2207 tulmen
702 2160 792 2226 tunm:
826 2160 964 2224 prematur
987 2151 1072 2224 igitur
1093 2152 1149 2207 haic
1172 2152 1310 2207 teterrima
1334 2153 1413 2208 iamae
1436 2151 1562 2208 buccinato

264 2236 311 2291 sed
334 2243 474 2310 prematur
496 2252 550 2290 aon
573 2234 683 2292 silentio
707 2236 854 2310 tyrannicis
877 2236 977 2292 indicto
1001 2237 1095 2297 minis,
1130 2244 1161 2291 ut
1189 2235 1303 2292 ridiculis
1331 2238 1405 2310 quod
1433 2236 1537 2291 hominu

265 2319 354 2375 sciunt
376 2319 481 2375 nescire
502 2329 651 2393 cogantur,
675 2321 748 2394 quod
770 2320 861 2376 vident
884 2338 938 2376 non
955 2320 1043 2377 videre
1058 2320 1272 2395 compellantur,
1296 2322 1372 2395 quod
1387 2321 1475 2377 auimo
1489 2335 1536 2373 ven

264 2412 393 2478 recteque
415 2405 537 2477 cogitant
559 2403 635 2479 loqui
658 2413 797 2467 vetentur,
820 2406 866 2461 sed
889 2406 947 2479 ipsc
963 2404 1163 2462 'efficacissimis
1186 2407 1370 2478 argumentis,
1395 2406 1420 2461 id
1435 2413 1476 2462 est
1489 2404 1534 2457 un

265 2488 408 2562 exemplis,
432 2489 570 2545 hominum
593 2488 806 2547 maledicentiam
830 2490 988 2563 redarguat,
1018 2490 1122 2546 sublata
1145 2492 1253 2552 fronte,
1283 2491 1355 2547 unde
1378 2491 1441 2548 lodi
1463 2503 1533 2544 mores

265 2581 370 2630 scatere
393 2572 495 2635 solent,
528 2582 558 2630 ut
581 2575 631 2630 iam
655 2573 743 2630 bonus
765 2575 801 2630 sit
830 2575 898 2630 odor
927 2575 979 2630 deo
1008 2575 1034 2629 in
1062 2576 1142 2630 vitam
1171 2574 1303 2636 fidelium,
1338 2592 1394 2632 non
1423 2573 1553 2649 pestilens

197 2658 349 2714 §.ututur
370 2658 398 2714 in
421 2658 567 2732 perniciem
596 2658 758 2733 simplicium
785 2660 943 2715 animarum.
987 2659 1049 2716 ttae
1078 2668 1118 2722 te,
1154 2659 1229 2720 lesu,
1264 2678 1316 2734 pro
1345 2678 1396 2717 suo
1426 2656 1529 2734 pontida

197 2818 200 2822 Δ
265 2744 318 2817 piis
340 2745 410 2811 aptis
432 2752 493 2799 orat
515 2761 580 2817 grex
605 2752 681 2800 tuus:
710 2744 757 2817 qui
786 2744 808 2799 si
832 2761 883 2818 pro
906 2743 973 2800 lulio
996 2761 1050 2800 noa
1079 2738 1199 2800 meretur
1228 2744 1329 2807 audiri,
1359 2746 1418 2819 ipsc
1445 2757 1529 2817 quasn-

264 2845 323 2884 mus
346 2828 501 2902 pontificem
524 2846 605 2902 agere
633 2846 686 2896 nup
718 2828 852 2900 graveris.
887 2845 976 2901 ireque
1003 2828 1115 2903 patiaris
1143 2838 1174 2885 nt
1201 2830 1282 2884 nnius
1312 2829 1354 2885 vel
1382 2829 1475 2884 insania
1499 2820 1526 2877 td

264 2914 387 2988 impietas
410 2922 511 2978 tantam
538 2922 642 2987 pestcm
671 2913 774 2969 adierat
801 2913 883 2968 relius
911 2913 1043 2968 humanis.
1094 2912 1184 2969 Excita
1213 2913 1339 2987 spiritum
1370 2914 1410 2970 vel
1436 2907 1524 2968 oannis

263 2997 394 3060 alicuius,
417 2999 464 3071 qni
487 2998 560 3055 senis
582 2996 698 3072 improlii
721 2998 847 3054 retundat
869 2997 1018 3061 insaniam3
1041 3014 1091 3055 nec
1113 2999 1223 3055 omniuo
1246 2999 1306 3054 sine
1328 3015 1450 3073 sponsam
1471 3000 1544 3050 tiana

263 3083 361 3139 fucatis
384 3081 471 3138 titulis
493 3091 523 3139 et
542 3083 715 3140 commutatis
738 3099 828 3157 rernm
852 3082 988 3141 vocabulis
1017 3100 1086 3138 novo
1116 3082 1267 3156 tyrannidis
1297 3101 1397 3157 genere
1424 3075 1520 3155 opprimi,

264 3168 310 3239 qui
334 3167 398 3222 vivis
420 3177 448 3222 et
470 3184 569 3241 regnas
590 3186 651 3225 cum
674 3168 725 3223 deo
747 3175 824 3241 patre
847 3167 1001 3224 inanitate
1024 3167 1138 3241 spiritus
1161 3168 1261 3230 sancti,
1286 3169 1367 3227 dcus,
1395 3182 1439 3238 per
1456 3159 1518 3220 ouri!

263 3251 352 3307 secula
376 3251 538 3308 seculorum.
581 3255 673 3310 Amen.

860 3404 951 3446 rtuts.

585 3571 617 3614 IN
641 3574 801 3616 GERMANIA
826 3575 953 3615 TANDEM
976 3561 1031 3614 ΙᾸΜ
1055 3575 1215 3616 summurn.

329 3739 339 3769 ³
359 3741 465 3804 llvnng,
479 3754 535 3789 aec.
550 3739 607 3789 lou.
621 3740 695 3789 XXI.
710 3739 749 3788 la,
764 3755 821 3804 sqq.
858 3738 868 3769 ὅ
886 3741 993 3810 Evang.
1008 3755 1063 3790 sec.
1078 3741 1177 3789 ilIntth.
1191 3741 1264 3790 XIX.
1279 3741 1322 3789 27.
1357 3740 1434 3789 ⁸llct.
1445 3730 1511 3796 Apost

261 3814 1510 3889 motmmmmtmfflaumwmm.mmmw

259 3906 972 3973 mmmm¹wmmw.flfflwa
1036 3892 1509 3974 ”OEhdmstmwssst

260 3993 282 4027 ²⁰
300 3994 344 4046 CI,
357 3994 452 4059 proph.
465 3993 577 4044 Daniel.
591 3994 667 4044 XIII.
680 3992 723 4041 aa.
738 4007 796 4056 sqq.
849 3991 871 4023 ³³
889 4009 953 4042 socc.
968 3997 992 4042 d.
