3188 5422
146 501 161 525 0

258 374 332 444 ’396
697 405 815 439 utnuout
836 405 1109 440 usuvnottvnruutct.

256 562 344 635 ipsum
368 568 465 635 ocyus,
499 561 595 635 lacque
614 578 713 635 quaeso
736 570 857 618 actutum
879 561 1001 618 cubitum
1030 562 1225 622 concedamus
1262 525 1294 618 ut
1322 581 1385 657 cras
1412 565 1488 619 333333
1511 581 1536 618 eo
1578 567 1580 569 ’

257 663 389 719 queamus
412 654 498 713 strato
521 663 644 741 surgere

188 747 247 796 333,
321 731 415 786 Puer.
454 731 494 786 'lu
515 749 575 787 cum
598 732 715 804 primuni
737 732 880 788 crastinam
904 732 1070 787 exorientem
1093 731 1181 787 lucem
1196 731 1356 788 cubiculum
1373 733 1474 806 ingredi
1489 751 1537 787 seu·

257 816 341 876 seris,
366 834 407 872 inc
431 815 587 879 inclaumto;
610 826 719 889 gravate
742 817 817 872 enim·
837 834 913 872 mane
937 834 1051 886 surgere
1074 816 1166 872 soleo«

319 899 445 956 113333.
482 900 541 956 Non
565 901 617 956 luit
640 902 776 957 monitore
800 918 883 974 opus,
908 902 967 974 ipse
989 900 1091 974 alioqui
1115 900 1240 956 iecissem
1264 902 1304 962 iu.
1337 911 1368 956 ut
1392 903 1437 975 qui
1458 911 1550 956 3331333

255 984 305 1039 siin
329 985 396 1041 liano
418 1002 460 1040 nie
484 995 589 1040 noctem
612 985 846 1059 pervigilaturum.
891 986 930 1041 Tu
959 1004 1041 1058 crgo,
1071 1004 1087 1041 o
1117 986 1219 1059 hospes
1248 985 1466 1060 Polvpragrnou,
1492 986 1537 1040 3313

256 1068 443 1125 fortunatus
436 1087 463 1123 33
485 1070 630 1125 3333133333
654 1087 739 1144 usqne
762 1069 859 1126 lucem

318 1153 493 1227 Polypra
478 1171 583 1209 rrnon
621 1154 684 1211 Vale
712 1164 739 1230 et
768 1162 812 1217 tu,
842 1173 858 1210 o
888 1154 990 1210 lleuuo.
1036 1153 1133 1211 Verum
1164 1155 1248 1216 lieus,
1279 1157 1444 1230 priusquam
1463 1155 1536 1212 alnas

257 1246 351 1310 1333333
375 1238 436 1292 33133
459 1238 548 1293 3113333
574 1238 631 1299 tilii,
655 1249 686 1295 ut
702 1220 787 1295 bibas

321 1322 444 1377 1133333.
482 1322 643 1385 1133131333
667 1323 744 1380 abeo.
1120 1384 1130 1405 ·
1541 1336 1557 1375 3

501 1407 586 1469 Heus,
610 1409 714 1472 llruno,
739 1408 865 1469 lucescit,
892 1408 998 1481 evigila.

187 1497 248 1546 131.
319 1492 413 1546 Puer.
452 1492 516 1547 11333
540 1492 648 1555 Hunno,
672 1493 723 1549 3333
747 1510 845 1566 surgo,
869 1495 958 1549 333333
981 1491 1285 1567 ρ3313333“.33333131333
1301 1512 1415 1550 somnus
1435 1500 1534 1549 333331.

255 1576 320 1648 quin
344 1577 447 1633 ornasti
471 1587 497 1632 te
520 1577 750 1650 quemadmodum
769 1578 826 1634 heri
852 1577 900 1633 31133
924 1581 1128 1652 praeceperam?

319 1660 443 1718 113333.
479 1661 576 1723 Plane,
611 1679 701 1719 nonne
723 1663 814 1719 vides?
849 1663 957 1718 intuere
980 1671 1007 1718 et
1031 1663 1147 1719 tunicam
1176 1663 1278 1735 ipsam,
1313 1672 1341 1719 33
1371 1664 1486 1723 calceus,
1515 1671 1534 1716 et

255 1745 363 1806 taciem,
387 1755 414 1801 et
436 1745 563 1820 capillos,
590 1755 617 1803 et
640 1756 743 1803 3333333.
955 1764 960 1768 ·
1540 1757 1556 1796 1⁵

317 1831 409 1886 Puer.
446 1831 574 1894 Pulchre,
608 1831 717 1893 llennn,
752 1833 803 1888 iam
833 1832 892 1888 ride
920 1849 954 1888 ne
980 1841 1008 1887 te
1035 1833 1233 1905 conspicientes
1265 1832 1428 1888 3333333313
1451 1833 1533 1887 misere

253 1924 358 1971 ament:
381 1915 565 1989 periculosum
588 1917 659 1973 enini
682 1925 724 1973 331
748 1919 774 1972 33
797 1918 846 1973 1333
870 1917 937 1973 urbe
960 1935 990 1973 ac
1013 1918 1140 1972 miserum
1164 1917 1316 1972 formosum
1341 1936 1403 1989 esse
1424 1918 1506 1971 nimis.

318 2000 443 2057 llenno.
481 2002 572 2057 Garris
595 2000 718 2066 33333333,
742 2011 769 2058 31
791 2020 888 2061 canum
911 2012 938 2058 et
961 2018 1052 2058 senem
1076 1998 1205 2059 inairunu
1224 2004 1369 2057 3333333331
1393 2003 1466 2056 istaec
1481 2000 1531 2055 nuli

253 2084 317 2140 olim
341 2087 450 2143 lortuua
474 2087 541 2142 luit:
565 2087 630 2160 quin
655 2087 733 2144 333333.
1207 2144 1212 2149 ,

184 2175 244 2223 §.tto
319 2170 414 2226 Puer.
454 2170 532 2226 Nulla
556 2171 582 2226 in
605 2189 647 2226 me
670 2189 745 2227 mora
768 2181 818 2227 est.
1200 2207 1201 2210 =
1535 2178 1553 2215 11

317 2256 445 2311 113333.
482 2255 567 2322 Quam
590 2256 657 2312 viam
681 2256 865 2329 ingredimur?

316 2341 410 2395 Puer.
447 2338 585 2396 Novistine
608 2341 706 2403 audem,
730 2342 757 2396 in
780 2359 832 2414 qua
855 2350 974 2397 armatus
997 2340 1042 2394 ille
1065 2349 1174 2395 sauctus
1197 2357 1271 2412 equo
1295 2339 1405 2396 33133333
1423 2338 1530 2412 lepidio?

322 2424 447 2484 llenuo.
484 2425 564 2486 Novi,
589 2434 660 2480 33333
683 2443 751 2499 ergo
775 2427 859 2488 imus,
887 2422 984 2481 deindo
1007 2442 1056 2499 per
1077 2426 1252 2498 angiportum
1276 2423 1343 2479 13333
1367 2425 1529 2480 declinaretis:

252 2509 288 2564 3133
312 2510 419 2565 smmum
441 2527 528 2583 prope
549 2510 711 2584 templum
704 2511 820 2584 insignis
849 2512 964 2567 rotunda
994 2511 1078 2565 turris
1106 2510 1289 2582 conspicitur,
1321 2510 1461 2565 uetustatis
1485 2524 1528 2562 rue

252 2603 410 2651 numentum
433 2594 576 2650 admodum
599 2597 748 2668 egregium
1533 2598 1549 2636 ²³

315 2680 410 2735 Puer
449 2679 516 2734 lbi
511 2697 537 2735 in
560 2697 591 2735 ea
614 2681 670 2754 ipsa
699 2681 779 2736 doirio
807 2681 914 2754 legatus
942 2680 1092 2754 hospitium
1120 2678 1213 2740 1331333,
1248 2678 1329 2734 velim
1343 2687 1445 2734 tamen
1469 2683 1527 2731 esset

252 2765 331 2820 utili:
355 2765 381 2820 in
405 2765 530 2820 invidiam
553 2765 623 2821 euim
646 2773 673 2820 et
695 2767 804 2821 domum
827 2777 855 2823 et
876 2766 1014 2822 dominum
1038 2774 1123 2825 vocat,
1235 2756 1239 2758 ”

315 2850 439 2906 Η3333.
477 2849 529 2905 lam
552 2850 815 2924 appropinquaturus,
845 2869 878 2907 eu
907 2852 967 2906 novi
996 2852 1093 2906 turrim
1116 2849 1210 2904 adlmc.
1256 2847 1308 2903 Sed
1332 2864 1428 2910 vereor
1447 2863 1476 2901 ue
1495 2843 1525 2898 ni·

182 2936 335 2991 3111333333
359 2952 435 2991 mane
458 2935 506 2996 sit,
531 2943 627 3007 quarta
649 2935 736 2991 3311333
758 2935 847 2992 audita
869 2937 937 2992 13333
960 2952 1015 2990 333
1038 2944 1088 2990 331.
1132 2933 1153 2988 Ο
1176 2933 1296 3006 lupiter,
1320 2944 1383 3006 quae
1405 2940 1464 2987 suut
1478 2931 1523 2984 ism

250 3020 377 3094 palliatae.
394 3038 456 3094 quae
472 3037 504 3074 33
520 3019 612 3093 Legati
629 3015 777 3093 prosiliunt
794 3021 933 3094 hospitio?
947 3020 1031 3076 credo
1047 3020 1172 3093 prolecto
1188 3017 1372 3091 superiorum
1387 3012 1456 3072 inter
1470 3012 1544 3068 3333311

249 3105 309 3161 illas
331 3107 395 3163 deas
417 3122 511 3161 novam
533 3113 654 3160 exortam
677 3103 752 3159 133333
775 3123 849 3167 csse
881 3115 908 3161 et
931 3106 993 3178 quia
1015 3104 1149 3177 Phrygius
1173 3101 1219 3157 ille
1241 3110 1338 3175 pastor
1366 3116 1419 3156 uim
1445 3114 1521 3171 super·

248 3198 291 3244 cst
313 3189 443 3284 amplius,
467 3189 538 3246 13333
560 3188 740 3264 apostolicum
764 3190 880 3247 liuticem
903 3198 984 3246 noctu
1008 3190 1140 3263 quaesisse
1164 3188 1189 3242 lu
1214 3187 1378 3243 insomniis:
1399 3184 1458 3241 33133
1472 3198 1568 3279 pte

249 3272 351 3329 13333
344 3275 523 3336 insomnium,
546 3275 680 3347 siquidem
704 3274 802 3348 puellae
826 3275 867 3331 hae
891 3275 1025 3330 3333133
1049 3281 1149 3329 essent

311 3358 409 3413 Puer.
446 3349 1516 3428 11333333333333333333133,11333313313133333,31333333133313·

247 3439 287 3495 les
311 3442 422 3498 luerunt
445 3443 594 3516 quondam.
619 3460 669 3499 nos
692 3462 746 3500 nou
769 3463 829 3501 esso
852 3444 980 3505 dicimus,
1008 3443 1033 3498 id
1057 3443 1138 3498 1331333
1160 3439 1258 3514 religio
1282 3457 1353 3496 3333.
1417 3468 1419 3471 ·
1521 3437 1537 3477 ³⁵

311 3526 437 3582 Hennu.
475 3526 636 3590 Credebanm
661 3547 721 3602 quie
744 3538 808 3586 sunt
830 3529 932 3603 igitur?
1135 3572 1137 3575 .

310 3610 407 3667 Puer
444 3610 512 3665 Clini
535 3611 692 3684 palaestritae
721 3624 785 3670 suut
812 3614 911 3689 puellm
941 3611 1127 3688 pauperculae,
1158 3628 1219 3684 quae
1247 3609 1283 3665 oli
1306 3618 1457 3665 3333333333
1469 3600 1514 3656 1111·

247 3705 411 3792 gentemque
440 3704 560 3751 33333333
590 3714 700 3769 operam
734 3699 932 3773 eleemosynam
960 3716 992 3754 33
1019 3697 1148 3753 thesauro
1181 3694 1336 3769 apostolico
1370 3692 1511 3764 3333333111

246 3780 345 3838 Putant
368 3782 438 3839 enim
462 3780 531 3836 illi
525 3798 550 3835 iu
574 3780 678 3837 nullum
701 3785 774 3858 pium
798 3786 885 3857 magis
907 3801 938 3840 ac
960 3782 1079 3839 sanctius
1101 3782 1150 3836 lias
1173 3779 1347 3836 Germanicas
1374 3774 1512 3832 3331333333

178 3870 237 3915 Μ’·
230 3882 301 3941 ·que
324 3885 391 3942 opes
412 3867 534 3923 converti
557 3883 626 3940 opus
648 3885 744 3940 posse,
775 3885 854 3943 quatu
877 3869 904 3924 iu
927 3868 974 3931 lias
996 3884 1059 3923 vere
1084 3864 1189 3941 puellas
1218 3862 1405 3938 pauperculas
1443 3857 1533 3926 nequet

246 3958 312 4014 aileu
335 3956 469 4014 audistine
492 3954 543 4010 huc
565 3951 696 4026 atriplius
720 3954 869 4021 3113333,
893 3971 986 4010 omnes
1010 3951 1069 4007 31133
1092 3950 1235 4043 pecunias,
1260 3967 1328 4042 quas
1352 3938 1508 4003 intransitu

243 4060 329 4099 annos
352 4043 378 4098 33
402 4038 586 4112 indulgentias
608 4055 659 4094 333
682 4039 847 4095 contudimus
869 4038 993 4095 certatim
1016 4053 1109 4116 omnes
1131 4034 1244 4091 maxima
1268 4033 1308 4095 ri
1332 4032 1381 4088 suh
1403 4029 1507 4103 pretextu

244 4127 284 4182 vel
308 4127 413 4184 ’1333333
437 4123 517 4187 belli,
541 4123 581 4180 vel
604 4125 859 4233 congregandorum
881 4121 1075 4183 conciliorum,
1103 4119 1144 4175 331
1173 4116 1341 4192 templorum
1368 4108 1507 4171 3333333333·

311 4306 416 4360 ¹ocius
436 4313 462 4360 3.
532 4308 584 4349 Μ·
599 4307 677 4358 emen
695 4305 871 4368 Sedluftrunlt.
941 4303 961 4336 ¹¹
982 4256 1062 4354 ll'oele
1083 4308 1194 4366 peronio
1215 4301 1350 4366 sequentia
1368 4293 1505 4361 3333331111·

243 4391 264 4424 ¹⁶
278 4393 320 4442 cf.
328 4394 419 4444 Plaut.
427 4394 574 4445 (11333331.
586 4392 594 4442 l
599 4402 644 4454 au.
668 4390 911 4442 11333133333133333
925 4388 1006 4437 nimis
1018 4386 1161 4452 pulchrum
1175 4400 1237 4434 esse
1248 4383 1392 4433 homiuem.
1428 4374 1446 4405 ¹²
1460 4381 1505 4418 333·

243 4475 312 4542 3133]
331 4479 486 4528 Martinus?
537 4475 559 4508 ²⁸
577 4477 642 4527 leus
661 4479 712 4526 12.
777 4473 800 4507 ⁸⁰
817 4474 928 4524 Paridis
947 4472 1088 4523 iudicium
1146 4468 1168 4501 ³⁷
1188 4467 1262 4518 ctini
1280 4463 1347 4532 psl}
1365 4461 1502 4522 3333331111

160 4560 161 4565 ’
242 4561 413 4626 lucrantem,
431 4562 561 4613 libidines
580 4563 659 4627 quusi
678 4554 817 4625 publicum
836 4563 978 4607 3331333333
988 4553 1153 4606 exercentis
1164 4557 1266 4602 scorta.
1286 4551 1322 4601 ef,
1335 4547 1460 4611 clinopalen
1469 4550 1501 4597 111

241 4644 317 4694 Suet
331 4647 433 4697 Domit.
446 4648 488 4696 22.
518 4646 582 4696 Aur.
596 4647 670 4696 vies.
684 4645 770 4694 Caess.
785 4642 848 4705 ll‚.t.
901 4641 1084 4706 palestritiet.
1137 4634 1159 4668 ⁴²
1178 4637 1253 4700 Opes
1266 4616 1500 4697 33331331ς3313333331ΙΙ

241 4742 321 4791 quem
339 4745 416 4780 usum
435 4744 549 4780 3333333
649 4740 651 4743 ’
832 4742 837 4756 ,
1303 4742 1313 4749 ν
