3210 5416
429 1041 638 1119 socrus·
666 1044 992 1121 DEDOLATVS.

121 1286 255 1342 Eccius.
292 1289 432 1360 Omagne
455 1284 556 1361 muneri
579 1293 670 1344 rector
692 1296 719 1343 et
741 1278 965 1350 enuntiaretur,
1015 1306 1018 1320 ²
1282 1328 1284 1332 -
1370 1308 1415 1353 er.

289 1371 342 1426 leur
365 1380 455 1427 statue
478 1373 584 1427 tetidem
608 1371 735 1444 gravibus
757 1372 886 1428 mortuiis
908 1373 1025 1429 uroeltrru.

63 1456 133 1524 Quid
156 1456 228 1511 enim
253 1455 281 1510 in'
302 1456 384 1511 tantis
407 1456 483 1511 malis
505 1456 708 1528 alirulugercm
732 1462 811 1531 quern
833 1452 1017 1531 respectus
1045 1466 1092 1516 sut
1120 1465 1161 1512 est
1191 1465 1356 1531 paratrugoe·

41 1541 165 1602 uiliore?
216 1577 220 1587 ·
291 1547 329 1569 '¹
830 1528 835 1538 ’
924 1557 926 1566 ²
1022 1560 1023 1564 ¹

43 1613 51 1623 ’
276 1626 311 1681 ’0
334 1625 422 1698 qualis
442 1632 532 1681 crater
553 1625 672 1682 mthnreo
693 1625 757 1700 igne
779 1626 898 1681 relertur
966 1627 967 1632 ’

291 1710 342 1766 Per
363 1709 492 1766 alllieturn
516 1710 581 1766 mihi
603 1720 631 1766 et
654 1711 835 1766 miserandum
858 1728 968 1781 corpus<

290 1795 408 1851 Summis
428 1803 450 1848 a·
466 1795 590 1851 munibus
612 1796 646 1851 in
661 1796 730 1850 imos
747 1803 877 1869 'penetrat
898 1796 981 1869 peiles

291 1879 362 1936 'labe
384 1879 514 1936 malefico*
530 1879 646 1953 bilisque
669 1881 913 1941 hebromanum

291 1963 360 2031 Quin
383 1964 444 2020 iuris
467 1963 614 2020 visceribus
637 1975 765 2022 succensa
786 1965 873 2022 currit
895 1963 954 2020 lues

290 2047 416 2107 Flammis
439 2048 566 2104 violentis
587 2065 696 2105 carnem
718 2049 787 2106 bunc
808 2049 965 2123 depascens.

192 2163 196 2170 ·
288 2133 360 2189 Proh
384 2151 463 2207 qnam
486 2150 589 2190 serunt
604 2135 661 2191 hoc
682 2133 783 2191 mulum
805 2143 862 2196 cst,
886 2133 997 2191 incaluit
1021 2134 1111 2194 amtor.

290 2217 348 2273 Urit
369 2217 465 2280 libras,
489 2216 554 2274 lellc
576 2219 676 2275 siccato
700 2217 881 2281 ululeticcur,
977 2274 988 2285 ,

289 2303 317 2357 ln
340 2309 416 2358 artus
435 2303 525 2376 pestis
548 2312 575 2358 et
598 2317 660 2359 ossa
679 2304 740 2360 'lraec
761 2303 819 2359 dira
842 2304 944 2360 incidit.

30 2409 53 2447 rs
291 2385 362 2449 lieu,
384 2387 453 2450 hem
475 2385 574 2442 malunt
596 2388 648 2444 hoc
670 2396 786 2448 tetmrm.
810 2394 898 2444 mutuo
921 2398 996 2445 totus
1018 2388 1109 2443 misor.

62 2472 151 2532 Corios
171 2487 256 2544 puer,
278 2472 453 2533 cantharum:
477 2472 624 2529 exhaustus
646 2478 704 2534 est,
734 2473 832 2528 iteruin
856 2473 946 2547 irnple.
991 2471 1090 2528 iteruin
1112 2473 1271 2528 cuntharmn
1295 2471 1353 2531 tihi,
1370 2481 1415 2529 tr.

64 2573 147 2630 puer,
170 2555 246 2617 dico,
270 2556 368 2612 iterum
391 2555 475 2630 reple.
512 2574 603 2613 cessus
625 2559 677 2612 ne?
701 2559 798 2613 iterum
821 2558 903 2614 cedo:
934 2575 950 2612 o
973 2558 1035 2631 quis
1057 2557 1139 2619 lster,
1164 2576 1180 2613 o
1204 2557 1264 2630 quis
1287 2556 1358 2612 ilhe-

62 2658 117 2697 uus
139 2654 215 2696 ruens
237 2641 409 2714 ert-tingueret
430 2643 571 2715 vaporesl'
588 2642 652 2716 quin
675 2657 725 2698 nee
747 2650 825 2715 pater
847 2642 968 2699 &canus
991 2643 1057 2716 ipsc.
1183 2646 1184 2649 ’

130 2724 224 2780 Puer.
260 2726 295 2780 tt
318 2732 360 2788 tu,
383 2726 463 2788 herc,
487 2733 589 2799 quanto
612 2726 674 2801 plus
697 2726 781 2788 bibis,
804 2734 881 2782 tanto
897 2725 960 2800 plus
975 2727 1051 2789 sitis,
1075 2726 1137 2799 quill
1160 2725 1232 2780 enlin
1246 2725 1357 2798 hymnus

27 2810 148 2883 eobyaeo
171 2809 426 2884 superingurgitans
449 2810 521 2866 aliud
543 2811 616 2885 agis.
647 2828 726 2884 quam
749 2812 821 2884 quod
844 2811 976 2866 llurnrnam
1001 2811 1062 2883 igne
1085 2810 1246 2882 extinguere
1276 2825 1356 2863 eona·

64 2895 122 2950 ris-‘l
151 2894 228 2961 Quod
250 2894 323 2951 site
345 2894 452 2968 liquore
475 2907 545 2971 puro
567 2904 631 2952 cta
654 2892 787 2951 Semeleia
809 2895 887 2968 prole
916 2895 1038 2951 seiuncto
1067 2893 1273 2966 mlrigerasses.
1307 2909 1356 2948 nec

65 2987 95 3034 tu
120 2978 156 3033 ita
180 2986 324 3042 aestuares,
353 2996 403 3036 occ
426 2997 477 3053 ego
501 2979 581 3035 bodie
603 2980 760 3036 cantharum
784 2979 951 3053 porrigendo
974 2979 1040 3034 atleo
1062 2979 1228 3051 defatigatus
1256 2992 1353 3032 essem.

131 3062 262 3118 Eecinu.
305 3064 402 3137 hrorti,
446 3065 571 3127 lurcil'er,
610 3065 715 3120 hiscere
755 3065 857 3119 aniles?
891 3064 957 3137 quin
989 3062 1201 3138 philosophatur
1236 3059 1413 3129 nebulo‘lm,

63 3146 241 3209 Cantherium,
276 3147 399 3222 inquiam,
433 3148 514 3209 coilo,
546 3158 650 3223 tuoque
686 3147 775 3205 ollrc'io
806 3149 933 3220 iungere,
966 3151 994 3204 el
1026 3156 1118 3204 tacens
1152 3147 1274 3220 quidem,
1309 3154 1356 3202 aut

28 3251 119 3306 rsego
143 3231 206 3287 tihi!
783 3250 787 3257 ·
1126 3264 1127 3267 =
1185 3262 1188 3267 ·

130 3317 226 3372 Puer.
264 3319 298 3372 ht
321 3334 373 3390 ege
396 3316 429 3373 ab
452 3318 542 3374 ollrcio
565 3334 626 3373 meo
649 3318 719 3374 harod
742 3318 859 3374 alienum
882 3318 1024 3392 petulum,
1055 3319 1077 3373 si
1107 3335 1168 3391 quse
1192 3316 1294 3390 optima
1316 3317 1359 3372 lod

65 3402 217 3458 reuthcro
240 3400 395 3458 suasissem.
433 3403 551 3476 quodsi
574 3402 661 3475 magis
684 3402 903 3476 obtemperasses
933 3403 1059 3465 monitis,
1095 3420 1143 3458 neo
1170 3400 1221 3457 sub
1250 3401 1357 3456 initium

63 3504 126 3544 cum
150 3503 259 3548 munus,
293 3487 374 3559 pedes
396 3494 424 3542 et
446 3496 527 3560 eaput
550 3487 621 3542 inter
643 3487 843 3546 verbalissimas
864 3505 966 3562 nugas,
995 3488 1128 3544 elementis
1152 3487 1253 3548 instar,
1282 3485 1357 3542 iacti-

65 3571 156 3633 tabes,
178 3570 210 3626 ee
234 3578 293 3626 toto
313 3588 433 3647 corpore
456 3571 573 3627 lubulam
597 3571 726 3633 saltubus.
750 3573 916 3646 insuperque
939 3573 1094 3630 Stentoreru
1116 3572 1235 3628 clamore
1257 3588 1359 3644 exupe-

33 3656 162 3717 mrabos,
197 3655 264 3711 adeo
288 3654 460 3718 incaluisscs,
495 3673 543 3712 nec
565 3672 643 3713 nuuc
660 3657 768 3730 quidem
792 3666 851 3714 tam·
868 3657 964 3715 acerbe
993 3658 1053 3713 sitis
1083 3657 1140 3713 buc
1169 3666 1195 3712 te
1224 3656 1358 3712 cruciaret

64 3739 209 3796 tanume-
410 3754 412 3759 ’

133 3919 167 3954 ⁸⁶⁸
176 3921 371 3974 Seneecllerct
384 3914 436 3972 lur.
448 3920 507 3972 205.
521 3938 561 3988 sq.
581 3923 614 3972 In
626 3941 682 3990 sqq.
695 3929 770 3973 etium
777 3907 899 3974 Senecam
909 3923 1116 3988 purutrupoedr'ae
1129 3928 1226 3971 auctor.
1238 3920 1273 3982 ef.
1287 3935 1354 3983 cpe.

65 4007 149 4056 Herc.
159 4005 222 4055 Oet.
232 4005 305 4056 1222.
316 4005 388 4059 1277.
402 4034 434 4041 —
448 4007 661 4058 Contumeliosae
675 4006 894 4073 conpellntlonce
907 4007 1022 4072 singulus
1036 4022 1068 4056 ex
1082 4006 1179 4070 quibus
1192 4004 1356 4054 comicorum

65 4090 135 4140 locis
154 4096 269 4154 sumptus
288 4091 356 4149 sint,
374 4092 509 4149 ,adnotare
529 4091 600 4142 nole.
652 4089 840 4156 *τραγωδείν
858 4094 881 4143 1.
927 4091 1155 4155 purutrugediurc
1170 4092 1193 4138 2.
1203 4091 1228 4137 3.
1278 4085 1298 4119 ¹²
1315 4102 1357 4136 se·

64 4190 128 4224 uum
148 4177 205 4223 m.
264 4174 286 4207 ¹⁶
304 4181 383 4226 estuo
402 4179 458 4225 Μ.
522 4176 545 4212 *ὓ
563 4174 686 4240 Lyaeum]
706 4177 861 4237 Bocchum,
881 4177 982 4225 vinum.
1052 4166 1071 4204 ²¹
1092 4172 1182 4221 Semel
1201 4169 1280 4237 prol]
1299 4173 1356 4221 item

64 4277 99 4302 =
116 4259 191 4309 vino.
261 4258 317 4292 Μ
334 4260 425 4323 „Qnis
443 4275 498 4310 non
516 4261 613 4310 credat
631 4265 786 4320 auctorem,
811 4274 871 4309 cum
890 4258 950 4308 hoec
968 4257 1117 4318 scriberet,
1142 4257 1297 4321 respexisse
1322 4256 1357 4306 ud

67 4342 216 4408 epletulttm
235 4342 399 4395 Adsimunnl
413 4345 693 4395 chirckheimernm
713 4342 754 4406 (in
772 4341 929 4393 Heumanni
948 4343 1053 4392 docum.
1067 4341 1109 4390 lit.
1127 4358 1152 4407 p.
1169 4340 1236 4403 159.)
1256 4341 1356 4405 ‘quintis

68 4428 142 4478 ‘vero
159 4427 189 4476 ln
204 4429 414 4492 pronunciando
432 4445 463 4479 se
484 4427 641 4479 exhibuerit
659 4427 795 4492 (socius),
816 4428 914 4493 paneis
933 4426 1046 4490 accipe:
1066 4440 1128 4475 nam
1147 4427 1209 4475 dum
1230 4425 1264 4475 ud
1278 4441 1356 4475 orun-

68 4511 140 4561 ‘dum
159 4510 296 4576 pulpitum
315 4513 583 4573 reconderentur,
609 4512 698 4563 induit
716 4526 745 4561 se
765 4512 867 4577 capitio
886 4513 940 4563 isto
959 4510 1147 4576 theologorum
1165 4510 1285 4576 pellibus
1309 4526 1355 4560 eu·

68 4596 164 4661 ‘priuis
183 4595 296 4646 suffulto
318 4596 427 4660 (deerat
445 4599 517 4647 enirn
536 4598 563 4646 el
583 4595 657 4646 uliud
676 4597 805 4646 ob'susm
830 4596 1027 4660 profusioneml
1052 4612 1085 4645 ue
1109 4595 1220 4659 longum
1242 4601 1305 4660 pest
1326 4612 1355 4646 sc

70 4680 198 4732 ‘cunilam
216 4682 343 4742 trahens,
369 4686 497 4747 metuque
517 4681 640 4746 corporis
658 4679 729 4730 nihil
747 4679 822 4730 uliud
834 4695 926 4745 ouum
943 4681 1104 4731 histrionem
1123 4695 1223 4746 egene,
1250 4686 1278 4730 et
1296 4687 1356 4731 euin
