3262 5430
372 375 434 426 llll.
505 388 644 424 rorarent.
681 388 821 422 orttoovs
841 386 1024 423 uveraurcvs.
1045 368 1128 433 (tato.)
1343 353 1387 424 9l

91 550 208 622 quotus
231 542 284 603 ubi
307 544 378 612 sim,
401 560 437 603 ne
459 543 533 602 deus
555 542 672 621 quidem
697 560 760 601 esse
775 559 914 620 qrraeram,
931 540 1083 619 colamque
1099 540 1269 600 modestiam
1285 539 1315 598 in
1332 558 1394 599 mo·

95 644 183 704 ribus
210 653 240 703 et
262 642 465 722 frugalitatem
498 645 527 703 in
559 644 634 703 rictu
658 643 730 702 oltra
759 643 997 722 superstitionem
1028 640 1200 720 splendidus
1234 647 1268 713 et
1292 658 1394 702 curam

91 743 206 806 lenuis.

161 867 317 908 rourum.
355 845 435 906 Bona
457 845 546 906 rerba
568 845 664 905 audio.
895 826 897 830 ’
1403 849 1462 899 §.ro

69 961 84 998 ⁵
164 966 338 1013 averroes.
376 951 413 1006 At
434 946 523 1007 verba
545 964 594 1006 res
616 954 764 1028 seqrrctur.
1078 1028 1079 1031 Ἴ
1292 950 1295 956 ’

165 1068 317 1109 enervat.
356 1049 391 1107 tt
422 1050 452 1109 in
485 1047 672 1108 ambitionem
705 1047 855 1108 abdoouut
887 1047 1004 1116 divitiae,
1038 1045 1187 1106 libidinem
1221 1054 1251 1107 et
1283 1045 1393 1125 gulam;

96 1150 166 1210 banc
189 1149 294 1209 deindo
317 1152 346 1209 iu
369 1147 513 1227 pericula,
536 1150 571 1208 ad
595 1149 742 1210 infamiam
766 1156 794 1208 et
816 1148 945 1208 morbos.
991 1147 1157 1208 Mentioeris
1179 1154 1277 1208 autem
1300 1149 1395 1226 gravis

95 1251 256 1311 monitoris
278 1246 417 1328 Epicteti,
442 1252 517 1310 inter
540 1249 666 1310 diflicilia
689 1252 826 1329 ponentis
849 1257 898 1313 aut
920 1250 1037 1309 divitem
1061 1266 1124 1309 esse
1147 1248 1321 1317 modestum,
1345 1256 1395 1308 aut

96 1352 268 1412 modestum
292 1351 418 1412 divitem.

55 1466 86 1507 ιν
168 1472 341 1514 nvrrruvs.
380 1450 498 1522 Quoties
520 1454 614 1513 dicam
637 1470 696 1513 non
720 1458 859 1531 appetere
882 1452 992 1512 divitias
1008 1470 1070 1519 me,
1094 1451 1144 1511 sed
1163 1452 1462 1529 neeessariam-tat.

95 1556 187 1615 terei
217 1572 291 1632 opus
314 1561 358 1614 est
388 1555 464 1615 euim
493 1556 633 1633 pecunia,
665 1572 740 1633 opus
769 1560 829 1621 est,
857 1554 950 1632 inquit
974 1553 1198 1622 Demosthenes,
1226 1547 1310 1612 ἄνευ
1332 1546 1396 1631 γὰρ

95 1651 283 1735 χρημάτων
304 1651 410 1734 μηδέν
432 1651 502 1715 ιὀτι
524 1650 684 1734 γενέσθαι
706 1655 773 1715 τῶν
795 1649 953 1714 δεόντων.
1000 1655 1035 1714 da
1058 1654 1183 1733 aliquid,
1213 1655 1330 1730 regina,
1359 1653 1395 1713 da

95 1774 220 1840 queso,
243 1755 349 1824 rideris
371 1757 447 1816 euim
471 1774 565 1834 posse.

168 1877 320 1918 rorarunt.
355 1856 422 1918 -llixi
445 1856 608 1936 periculum
632 1875 702 1918 esse*
718 1859 747 1920 in
763 1857 949 1934 accipiendo,
973 1856 1052 1936 qood
1068 1854 1142 1916 mala
1157 1856 1283 1917 tribuam
1300 1858 1394 1917 etiam.

59 1977 88 2016 rs
171 1979 344 2019 averanus.
383 1960 424 2019 Er
447 1959 504 2019 hoo
525 1958 633 2036 aliquid
657 1976 749 2018 cornu
773 1956 888 2035 largire.

168 2080 322 2120 ruerunt.
361 2060 436 2132 Quid
464 2061 488 2120 si
519 2076 656 2137 magnum
686 2058 754 2119 inde
782 2057 891 2119 malum
919 2059 1055 2120 adiecero
1083 2058 1150 2128 tibi,
1187 2065 1230 2119 est
1259 2051 1335 2119 euim
1366 2065 1397 2118 ut

97 2161 197 2229 bona,
220 2162 262 2220 sio
283 2162 369 2221 etiam
392 2160 466 2221 mala
488 2162 630 2222 refertum
653 2163 746 2240 copia.

168 2282 340 2322 rnrrrurs.
379 2262 521 2341 Repetitis
541 2282 589 2323 me
611 2263 721 2323 caussis
736 2262 835 2322 differs
857 2263 885 2321 in
908 2261 1044 2340 longum,
1068 2262 1138 2322 dea:
1161 2269 1302 2341 polesio,
1326 2262 1396 2329 scio,

98 2365 218 2424 bonum
239 2363 357 2441 aliquod
379 2381 512 2423 scorsum
535 2363 615 2423 dare.

56 2478 87 2517 εν
168 2484 321 2525 ronrrra.
359 2464 418 2524 lam
441 2465 523 2525 dedi:
546 2483 582 2525 an
606 2466 743 2543 ignorare
765 2484 812 2526 me
834 2472 935 2543 putas,
960 2464 1038 2543 quod
1062 2470 1090 2525 te
1113 2463 1283 2544 complexus
1298 2465 1335 2524 sit
1349 2463 1396 2525 ille
1407 2474 1465 2525 rto.
1540 2535 1542 2543 s

99 2567 280 2645 episcopusl
303 2572 353 2625 aut
375 2584 434 2626 non
455 2568 529 2627 meis
550 2566 608 2626 hoc
630 2565 746 2627 casibus
769 2566 864 2626 refers
886 2568 1059 2644 acceptum?

169 2686 343 2728 averanus.
381 2666 518 2727 Referam
540 2668 565 2726 si
592 2668 647 2736 vis,
677 2667 727 2727 sed
756 2667 815 2727 dixi
844 2667 1042 2727 inconstantes
1067 2685 1133 2728 esse
1160 2669 1326 2748 principum
1357 2667 1398 2726 fa·

99 2785 209 2834 rorem
232 2767 302 2846 quid
325 2769 349 2828 si
371 2787 418 2828 me
441 2769 557 2829 deserat
579 2769 671 2837 enim,
696 2768 746 2827 ubi
769 2768 841 2828 illud
863 2768 1045 2830 deferbuerit
1067 2788 1125 2849 quo
1148 2786 1227 2830 nuno
1242 2769 1326 2830 ardet
1342 2771 1398 2830 mei

99 2869 254 2928 studiuml

56 2986 88 3025 νδ
170 2990 321 3031 ronrvm.
360 2969 443 3030 Tunc
471 2971 559 3032 aliurn
587 2988 673 3050 spera
700 2971 821 3031 daturos
849 2972 968 3033 eosdem
992 2991 1076 3034 casus
1098 2975 1148 3052 qui
1170 2980 1199 3033 te
1221 2990 1280 3032 non
1303 2972 1399 3032 miuus

98 3079 195 3132 anret.

171 3192 343 3234 rmrrnurs.
381 3173 500 3244 Quidvis
523 3174 729 3252 potiusquam
752 3192 872 3253 sperare
895 3174 977 3243 iubc;
1007 3182 1094 3254 atque
1122 3183 1153 3235 ut
1175 3172 1319 3252 intelligas
1342 3181 1466 3253 (puato.

99 3284 136 3334 te
159 3274 359 3335 moderatione
382 3276 474 3354 siquid
498 3275 580 3336 dabis
604 3279 644 3337 uti
666 3275 766 3346 velim,
790 3277 868 3352 iuxta
891 3284 973 3337 retus
994 3276 1052 3336 boo
1075 3277 1289 3355 ‘Paupertatem
1313 3284 1341 3338 et
1356 3276 1399 3337 di·

101 3377 192 3435 vitias
212 3394 249 3438 ue
271 3375 388 3436 dederis
410 3376 498 3445 mibi’,
523 3383 634 3439 tanturn
657 3376 694 3438 ab
717 3379 751 3438 iis
774 3396 838 3457 quan
861 3384 891 3437 tu
915 3358 1070 3438 uretueuda
1092 3386 1178 3456 putas
1193 3379 1312 3446 absum,
1336 3377 1399 3457 pol-

60 3479 259 3556 aolieeortpuo
281 3477 333 3538 tibi
354 3477 425 3541 uilul
448 3480 592 3543 facturum
615 3497 663 3539 roe
684 3480 713 3539 io
736 3479 791 3539 rita
814 3476 941 3539 molliter
964 3485 1013 3539 aut
1029 3478 1164 3549 delicate,
1188 3480 1285 3540 omnia
1300 3469 1398 3559 parce,

88 3579 208 3638 ‘sobrie
228 3585 257 3639 et
279 3579 419 3641 modeste.
999 3590 1000 3594 ’

171 3692 324 3741 rorarunt.
363 3681 472 3759 Dignus
493 3682 600 3742 rideris
622 3681 672 3760 ipui
695 3680 771 3741 bona
794 3681 911 3742 habeas.
1408 3687 1467 3737 tu.

172 3803 346 3843 utrrrnsvs.
385 3761 427 3844 lla
449 3803 503 3862 per
524 3783 639 3867 lovem:
670 3785 712 3843 eia
736 3801 807 3863 ergo
831 3782 900 3843 illud
924 3782 1044 3843 obverte
1068 3802 1175 3853 cornu,
1205 3783 1273 3844 inde
1296 3802 1400 3863 prome

101 3904 166 3964 quo
190 3886 391 3945 necessilatem
415 3885 493 3946 ferre
516 3903 631 3964 (puram,
656 3892 684 3946 et
706 3883 859 3945 calamitati
875 3886 965 3964 siqua,
973 3886 1091 3962 ingruat
1105 3904 1163 3963 quo
1180 3885 1291 3946 mederi
1306 3885 1399 3946 liceat.

103 4111 198 4156 antem
217 4106 305 4170 siquis
325 4096 489 4153 felicitatem
509 4105 598 4165 foret,
624 4105 766 4154 abundans
785 4105 883 4170 opibus
909 4121 941 4155 ae
966 4105 1067 4154 famarm
1090 4104 1203 4170 iusuper
1226 4104 1342 4166 addens,
1366 4120 1400 4154 ne

102 4196 209 4255 qureret
227 4190 298 4239 deus
322 4189 390 4238 fleri.
461 4187 593 4254 ¹Epict.}
617 4206 660 4254 np.
674 4190 750 4239 Stob.
763 4187 858 4239 Floril.
871 4190 903 4238 V.
917 4188 959 4238 86.
980 4182 1120 4253 Δυοχεοὲς
1143 4178 1200 4250 ἄρα
1223 4187 1401 4238 πλουτοῦντα

106 4276 284 4339 σωφρονεῖν,
308 4261 329 4338 ἢ
352 4272 556 4342 σωφρονοῦντα
580 4274 721 4323 πλουτεῖν.
794 4271 811 4305 ¹¹
832 4271 985 4337 Demosth.]
1011 4272 1123 4336 Olynth.
1149 4289 1192 4338 ep.
1212 4274 1287 4322 Stob.
1307 4273 1400 4323 Floril.

104 4359 235 4410 xci-30.
255 4359 314 4408 Δεῖ
331 4350 367 4422 δὴ
385 4351 550 4423 χρημάτων,
575 4354 624 4407 καὶ
643 4348 714 4408 ἄνευ
732 4353 839 4408 τούτων
857 4347 945 4407 ον’δὲν
964 4348 1020 4406 ἐστι
1039 4355 1094 4406 τῶν
1113 4349 1237 4407 δεόντων
1255 4352 1401 4422 γενέσθαι.

104 4445 179 4509 Opus
197 4444 332 4509 profecto
350 4447 393 4490 est
411 4442 550 4507 pecuniis,
575 4460 626 4492 neo
650 4434 709 4492 sine
732 4442 776 4492 bis
800 4443 946 4506 quicquam
971 4456 1061 4491 eornm
1081 4456 1142 4505 qnae
1161 4443 1321 4492 necessarie
1339 4446 1404 4491 sunt

104 4530 203 4594 pertici
227 4531 334 4594 potest:
391 4525 411 4558 ¹¹
437 4524 534 4592 epioe]
558 4526 688 4577 Albertus
706 4526 937 4592 Mogurrtinensis.
996 4519 1017 4554 ¹³
1037 4522 1158 4588 denerat]
1179 4525 1264 4575 flecte
1285 4540 1402 4589 numero-

104 4623 146 4663 ms
164 4621 209 4665 est
228 4615 383 4664 Huttenus.
435 4609 457 4642 ²¹
476 4617 554 4660 votus
573 4609 634 4676 hoc]
654 4611 784 4661 Proverb.
799 4611 883 4660 XXX.
896 4609 920 4658 8.
942 4608 1168 4671 „mendicitatem
1189 4615 1216 4658 ot
1234 4608 1349 4660 divitias
1367 4627 1402 4662 no

104 4698 213 4751 dederis
234 4696 320 4757 ruibi3
341 4695 430 4745 tribue
450 4701 555 4746 tontum
575 4696 662 4745 victui
682 4712 741 4745 mco
760 4695 947 4746 neeessaria.'’
