3210 5416
76 373 145 440 [lAc.
159 374 233 441 sont]
254 393 442 429 retenturum
457 395 512 428 ctv.
526 396 606 430 vtut’.
619 396 757 432 baconus
771 398 806 432 DE
820 397 1029 434 rAcvnrArtnvs
1044 397 1253 434 BOHANENSWH·
1296 371 1369 441 505

141 553 304 625 Legatos.
341 551 408 609 llele
444 553 558 618 lectum,
592 555 645 612 buc
673 565 811 631 portasset
840 556 947 630 quonium
980 555 1028 613 scd
1064 568 1193 631 quantum
1223 559 1288 619 dare
1321 581 1370 636 po·

74 648 133 697 test
154 639 230 693 cedo.
1368 702 1384 708 „

62 744 68 753 ·
141 725 238 779 l'uer.
275 724 418 784 Pecuniam
442 723 556 781 nullam:
579 727 646 783 duas
669 726 749 783 babet
773 744 878 793 senecas,
902 745 963 801 quae
979 727 1073 791 eilac,
1096 728 1238 803 butyrum,
1262 749 1368 789 eoseum

73 811 214 885 preebent,
238 829 298 884 quae
322 811 420 885 partim
444 810 547 874 venun,
578 813 675 886 partini
699 813 725 868 iu
749 813 976 869 sustentationem
998 813 1041 869 sui
1064 832 1095 870 ae
1117 814 1226 871 familie
1253 815 1304 872 sibi
1328 835 1370 873 re·

42 897 161 952 stiunt:
186 896 313 952 fraudans
336 914 403 970 crgo
426 896 536 969 genium
559 896 670 954 alteram
693 897 746 954 buc
769 897 908 955 adductam
937 898 1076 961 diuendet,
1106 908 1248 973 utrasque,
1277 919 1369 973 quem·

72 981 222 1037 admodum
247 991 275 1038 tu
299 984 357 1056 ipse
380 978 533 1054 intelligere
556 992 650 1056 potes,
674 983 727 1037 nisi
750 983 819 1038 latire
842 984 936 1056 perire,
955 983 1046 1046 malit.
1070 1002 1124 1040 non
1146 994 1247 1059 potest.
1316 980 1317 983 ’

139 1067 301 1140 Legatus.
339 1066 423 1134 Quam
452 1065 546 1123 vellem
575 1067 683 1123 diuitem
714 1085 774 1123 esse
801 1067 881 1145 hune.
927 1068 978 1124 Sed
1005 1087 1053 1124 vos
1081 1087 1124 1125 inc
1152 1069 1196 1127 bic
1218 1081 1437 1145 expectatettu.

70 1152 163 1211 donec
178 1144 230 1208 buc
246 1153 366 1214 redeant:
390 1168 443 1225 ego
466 1153 574 1208 iuterim
597 1160 678 1226 capto
701 1170 716 1208 a
738 1153 820 1216 meis,
844 1153 909 1227 quid
931 1153 1064 1226 agendum
1087 1155 1152 1211 mibi
1175 1156 1225 1219 sit,
1249 1157 1365 1214 consilio

74 1254 195 1310 propere
215 1238 249 1293 erl
273 1256 320 1300 vos
343 1246 476 1316 revertam

34 1332 64 1371 tu
139 1322 237 1378 Puer.
275 1324 350 1379 bono
373 1323 462 1379 animo
486 1322 528 1378 lac
549 1322 734 1384 sis.‹llenno:
757 1324 843 1380 satius
865 1332 906 1379 est
928 1341 1033 1381 vaccam
1050 1342 1128 1398 quarn
1145 1325 1228 1383 lilium
1244 1327 1367 1399 perdere.

138 1405 269 1464 Henno.
308 1408 446 1481 Siquidem
469 1425 547 1464 vacca
569 1408 682 1481 defungi
705 1426 824 1482 possem.
876 1415 878 1419 '

138 1492 234 1548 Puer.
271 1493 308 1550 Ne
331 1492 437 1554 dubita,
461 1510 516 1548 nnn
539 1501 565 1548 te
588 1487 855 1555 vacunm'rlinrittet,
886 1494 1059 1568 quantumvis
1086 1496 1167 1551 etiam
1193 1514 1293 1570 parunt
1322 1498 1368 1554 de·

71 1577 161 1634 deris:
186 1573 267 1652 atque
290 1579 371 1640 adeo.
395 1577 504 1661 llenno,
528 1594 582 1632 non
605 1578 674 1634 male
691 1578 836 1635 .hoc·1nibi
860 1579 885 1634 iu
909 1587 1024 1657 mentem
1041 1579 1185 1636 eonsilium
1201 1583 1288 1644 venit,
1313 1600 1367 1657 quo

71 1662 166 1716 monui
191 1671 232 1725 te,
261 1664 420 1737 priusquam
442 1663 514 1719 bunc
536 1663 690 1725 accederes.
725 1672 815 1719 votum
839 1680 1009 1737 nuncupares
1031 1664 1096 1726 deo.
1130 1664 1208 1721 cuius
1238 1674 1266 1721 tu
1295 1685 1367 1723 nuuc

35 1748 204 1820 tnprmsenti
228 1766 280 1821 ope
302 1747 445 1804 inveheris.

138 1831 264 1888 llenno.
301 1832 397 1889 llerito
420 1842 447 1888 te
469 1849 544 1895 amo,
578 1832 614 1887 mi
637 1832 742 1894 llruno.
777 1851 826 1889 nec
854 1849 897 1889 me
925 1826 1006 1889 buius
1035 1834 1102 1890 tanti
1124 1833 1249 1892 beneficii
1273 1836 1435 1892 liniue-§.sn

70 1932 177 1971 rnorem
201 1918 312 1974 senties.

137 2001 296 2074 Legatos.
335 2003 402 2058 ‘Non
424 2002 613 2059 dimittendum
635 2002 722 2065 bunc,
749 2002 818 2058 licet
841 2020 928 2078 prope
951 2002 1099 2065 nthuuet,
1129 2004 1192 2060 mei¹
1211 2005 1275 2060 mibi
1305 2023 1366 2061 sue·
1438 2015 1442 2025 ’

70 2086 152 2147 dent,
175 2103 263 2160 neque
286 2087 395 2161 expedit
417 2088 512 2143 etiarn:
537 2096 592 2143 turn
617 2104 649 2142 ue
672 2088 781 2161 penitus
803 2087 916 2143 babeam
939 2087 1020 2151 nibil,
1050 2098 1107 2144 tunt
1131 2107 1200 2163 opus
1223 2106 1283 2144 esse
1305 2108 1366 2146 sen-

30 2171 127 2232 entio,
153 2179 182 2226 ut
204 2171 393 2229 liberalitatem
417 2171 534 2244 aliquam
557 2189 642 2228 ineam
665 2190 696 2227 ac
718 2171 926 2229 benivolentiam
949 2174 1029 2229 etiam
1053 2173 1071 2228 ii
1088 2174 1212 2229 homines
1228 2175 1363 2231 sentiant'.

71 2256 113 2310 Tu
136 2272 215 2319 vero,
237 2257 346 2319 llenno,
371 2258 478 2330 quaudo
502 2265 604 2330 praeter
625 2274 731 2313 caecam
752 2258 817 2316 dare
840 2257 907 2312 nibil
930 2266 1023 2332 potes.
1055 2258 1188 2314 industria
1216 2267 1245 2315 et
1271 2258 1365 2315 lavore

73 2348 147 2395 tuam
171 2341 238 2398 banc
258 2351 447 2416 ‘paupertatem
470 2358 631 2415 compenses
654 2350 774 2415 oportet.

136 2425 264 2483 lleuno.
302 2427 330 2482 Si
353 2440 462 2500 possem
485 2427 580 2489 modo,
604 2426 728 2499 equidem
751 2425 930 2484 libentissime
948 2422 1062 2491 faciam:
1091 2437 1118 2483 et
1141 2429 1213 2501 quod
1237 2445 1291 2484 nou
1314 2447 1364 2502 po·

70 2519 132 2566 tero
156 2528 223 2583 ego,
247 2513 313 2585 ipse¹
326 2512 426 2568 elliciet
448 2511 528 2566 lilius,

34 2610 60 2648 as
136 2595 294 2667 Legatos.
331 2597 387 2652 lmo
410 2596 529 2670 poteris,
553 2596 666 2652 masinae
688 2600 711 2652 si
734 2614 782 2652 eos
804 2597 837 2653 ad
858 2615 928 2669 quos
952 2604 980 2652 tu
1004 2598 1123 2660 veneris,
1147 2597 1301 2671 quibusque
1324 2598 1432 2655 lutet.

69 2679 208 2736 tellereris
224 2681 399 2737 facultatibus
414 2682 481 2737 meis
497 2698 557 2737 esse
573 2698 657 2754 opus,
680 2681 824 2737 edocueris
847 2690 954 2755 quautae
978 2682 1043 2737 rnibi
1065 2700 1080 2737 a
1104 2690 1276 2739 sacrosancta
1299 2700 1365 2757 apo·

69 2764 171 2821 stolica
191 2766 255 2822 sede
277 2766 346 2822 datae
369 2767 432 2822 sint.
899 2801 907 2830 t
981 2808 985 2815 1
1078 2784 1087 2796 ⁸

135 2849 262 2906 llennn.
299 2851 351 2907 llas
374 2869 427 2924 ego
450 2867 504 2906 non
527 2850 605 2912 novi,
637 2851 800 2914 odomiuc;
836 2860 865 2906 tu
894 2868 958 2906 vero
987 2852 1011 2906 si
1041 2868 1102 2923 quae
1130 2852 1186 2906 siut
1209 2851 1363 2906 ostenderis
1435 2913 1436 2917 ,

70 2934 152 2995 mihi.
177 2935 273 2991 sedulo
296 2936 367 3011 apud
389 2953 465 2992 meos
488 2953 579 3009 agam,
602 2936 676 3009 quod
699 2935 724 2992 id
748 2934 820 3008 qnod
843 2952 895 3007 ego
917 2935 982 2990 dare
1004 2952 1058 2990 non
1083 2936 1176 3009 potui,
1200 2933 1306 2990 aliunde
1322 2952 1364 2991 re·

38 3020 203 3075 sosartiatur
224 3020 400 3077 abundanter·
447 3044 449 3046 ·

133 3104 299 3178 Legatus.
337 3106 365 3161 ld
388 3105 450 3164 vtile
473 3105 564 3161 etiam.

132 3189 228 3245 Puer.
267 3190 319 3247 lam
342 3192 395 3247 boe
416 3207 494 3263 agam
517 3191 589 3263 quod
612 3197 640 3246 et
662 3191 720 3263 ipse
743 3208 819 3246 meus
841 3206 883 3245 me
905 3189 1037 3263 magister
1059 3189 1154 3250 iussit,
1185 3196 1213 3244 et
1242 3206 1295 3261 ego
1318 3207 1364 3245 vo·

67 3273 158 3330 lebam
183 3293 369 3349 summopere.
392 3275 543 3331 doctiorem
566 3285 641 3331 certe
665 3276 785 3331 futurum
808 3291 851 3330 me
873 3292 928 3330 non
950 3273 1053 3330 dillido.

133 3359 295 3432 Legatus.
332 3361 402 3417 Bene
425 3361 496 3433 agis,
520 3360 632 3416 maxime
655 3360 677 3415 si
702 3361 745 3416 bic
767 3359 861 3415 chuo
885 3359 1015 3416 melioria
1037 3357 1181 3432 complecti
1204 3358 1293 3414 unsrun
1308 3375 1362 3415 non

38 3445 169 3518 upossit.
214 3444 251 3500 Ex
279 3445 379 3501 Christi
407 3444 549 3518 evangelio
577 3444 791 3519 apostolicisque
819 3444 886 3500 actis
915 3445 966 3499 iam
995 3444 1111 3517 primum
1146 3444 1266 3499 omnium
1295 3444 1361 3499 satis
1374 3456 1431 3505 §.sc

65 3537 193 3591 constet,
227 3529 370 3603 apostolos
399 3531 489 3604 ipsos,
524 3537 605 3603 atque
632 3531 741 3585 Petrum
770 3538 833 3586 ante
862 3546 956 3584 ornnes
983 3527 1186 3608 apostolorum
1204 3528 1363 3602 principem,

65 3621 186 3686 accepta
203 3613 304 3687 ligandi
335 3615 479 3670 abbristo
510 3614 686 3687 solvendique
716 3615 806 3670 omnia
834 3614 860 3669 in
890 3615 973 3669 terris
1000 3622 1152 3687 potestate.
1186 3631 1217 3669 ac
1249 3613 1364 3669 laciendi

64 3700 149 3754 etiarn
173 3699 300 3755 miracula
329 3699 407 3774 plura
435 3708 463 3755 et
492 3700 595 3754 maiora
624 3717 703 3773 quam
727 3700 784 3772 ipsc
807 3699 888 3755 etiarn
911 3699 1012 3755 lecerat
1035 3698 1173 3759 Christus.
1203 3698 1230 3753 in
1261 3699 1364 3753 omneis

65 3791 204 3838 terrerum
227 3785 330 3857 parteis
351 3785 479 3840 dimissos
502 3800 576 3845 esse,
601 3801 655 3858 quo
679 3785 711 3840 ad
735 3784 834 3839 Christi
857 3783 1025 3856 euvangelium
1048 3800 1079 3839 ac
1101 3783 1234 3857 baptisma
1262 3799 1364 3853 agen·

26 3868 171 3924 rutilitate
192 3868 400 3942 daemonumque
423 3867 497 3925 cultu
521 3878 616 3942 gentes
640 3878 750 3925 cunctas
773 3869 967 3942 perducerent,
998 3868 1105 3940 sibique
1134 3876 1268 3923 terrarum
1301 3865 1363 3920 snb·

63 3954 165 4008 dereut
188 3952 294 4009 orbem:
326 3954 424 4026 quibus
453 3954 559 4009 tandem
579 3970 633 4027 per
653 3954 739 4009 varias
768 3961 871 4008 mortes
900 3953 927 4007 in
957 3952 1059 4009 culum·
1084 3951 1245 4007 abeuntibus
1274 3949 1431 4010 natio-§.su

63 4054 131 4094 num
156 4038 275 4093 orunium
298 4039 545 4112 episcoporumque
567 4039 691 4101 dentum,
721 4054 790 4111 quos
819 4052 992 4093 successores
1021 4044 1102 4108 atque
1123 4033 1274 4106 discipulos
1296 4049 1361 4106 apo·

64 4121 133 4178 stoli
158 4120 339 4195 reliquerant.
363 4124 553 4179 consentiente
575 4123 725 4184 sententia,
759 4122 896 4177 llotnauus
919 4122 978 4194 ipse
1002 4119 1137 4192 pontifex,
1165 4118 1264 4172 Christi
1292 4117 1361 4172 vica·

64 4207 125 4262 rius
141 4223 277 4266 sununus.
301 4206 422 4263 eeclesiae
442 4215 538 4281 caput,
561 4209 636 4264 Petri
658 4222 803 4263 successor
824 4205 947 4278 pontifex
969 4203 1100 4259 maximus
1123 4210 1165 4259 est
1186 4201 1361 4263 constitutus,

13 4297 52 4342 ⁴5
64 4299 98 4347 nt
122 4291 347 4364 quemadmodum
371 4292 399 4348 in
421 4308 452 4348 ea
473 4292 543 4348 urbe
567 4300 699 4349 terrarum
723 4290 918 4361 nationumque
947 4288 1067 4343 omniurn
1098 4294 1171 4342 esset
1194 4285 1362 4360 principatus

134 4471 348 4524 5ΤειΡΙιοηῐι.
363 4475 384 4524 Ι.
402 4473 499 4538 l‚n.sq.
528 4473 605 4534 Quod
630 4473 677 4522 illc
701 4471 833 4520 unciatim
857 4470 902 4520 vix
925 4470 959 4519 de
982 4468 1112 4518 demenso
1136 4483 1185 4519 suo
1209 4467 1292 4517 Suum
1316 4468 1362 4519 de·

64 4557 182 4607 fruduns
202 4554 313 4621 genium
332 4560 481 4623 comparsit
503 4558 611 4607 miser”.
675 4554 697 4589 ί(
713 4556 786 4605 hunc
803 4569 895 4606 omnes.
955 4552 1022 4586 Μ’
1041 4553 1110 4603 ‘Nou
1175 4553 1305 4603 sentieut'
1323 4569 1363 4604 ee·

64 4655 119 4690 eum
137 4643 199 4690 dabit
223 4645 329 4705 (epotus.
392 4658 393 4661 ¹
416 4632 625 4692 ”resarciatur
643 4644 704 4690 Μ.
790 4635 813 4668 ³³
831 4639 960 4688 Potestas
983 4638 1091 4703 ligandi
1119 4643 1147 4688 et
1176 4636 1363 4691 absolvendi·

66 4719 89 4753 ⁴³
108 4724 295 4775 consentienti
315 4729 337 4774 1.
347 4722 372 4775 3.
426 4724 448 4757 ⁴⁸
468 4724 506 4788 Os.
519 4739 600 4788 supra
609 4734 637 4788 p.
651 4720 709 4772 468.
1404 4709 1411 4725 ⁶
