3210 5416
244 365 322 434 508
691 391 808 426 Βῑλῐιθῦῑ
827 391 1098 427 rsnvnottvrrutttct.

313 552 441 616 Henno.
463 550 535 606 ¹lloc
557 569 618 623 ago.

308 638 405 694 Puer.
444 621 647 709 Οὐδὲνῦγιές.

219 786 221 788 ,
312 723 474 795 legatus.
511 720 578 787 Quid
601 719 658 775 ais?
922 787 932 793 .

181 806 239 854 too.
312 807 409 862 Puer.
447 804 526 861 Nihil.
565 822 664 879 perge.
687 804 829 860 domine..

304 893 470 964 legatus.
508 890 573 945 Cum
603 890 654 945 iam
685 898 734 963 per
762 887 855 946 orbem
885 898 1019 944 terrarum
1043 887 1179 944 latissime
1208 905 1270 944 sese
1292 888 1449 945 Christiana
1477 889 1551 946 lidcss

248 976 423 1038 diffunderet,
446 973 525 1033 multi
549 992 598 1048 per
619 974 746 1031 ecclesias
769 973 911 1045 constituti
935 982 999 1028 sunt
1014 982 1042 1029 et
1057 972 1212 1028 sacerdotes
1228 980 1255 1028 ct
1272 972 1399 1035 diaconi;
1423 976 1469 1047 qui
1483 992 1536 1030 cum
1597 1020 1599 1026 .

247 1061 357 1116 crebras
380 1061 452 1116 inter
474 1077 533 1116 sese
556 1059 741 1115 dissensiones
763 1066 978 1120 commoverent,
1002 1058 1029 1112 in
1052 1057 1205 1114 schismatis
1228 1058 1381 1114 remedium
1405 1058 1536 1119 unusele

248 1155 309 1200 ctus
332 1151 373 1202 cst
396 1142 610 1218 percomesus,
635 1144 681 1217 qui
704 1144 812 1199 caeteris
834 1151 1053 1217 preponeretur,
1077 1159 1110 1197 ne
1132 1142 1323 1215 unusquisque
1339 1144 1373 1199 ad
1389 1162 1420 1199 se
1436 1144 1537 1212 trahens

249 1228 348 1284 Christi
372 1228 511 1286 ecclesiam
535 1237 688 1302 rumperet;
711 1227 782 1284 hunc
805 1228 832 1283 in
854 1227 996 1284 excelsiori
1017 1226 1103 1300 gradu
1125 1225 1289 1283 collocatum
1313 1228 1475 1302 episcopum
1496 1246 1537 1284 no·

151 1345 156 1351 ·
212 1333 215 1338 ·
248 1312 394 1380 minabant,
419 1312 555 1386 quemodo
577 1313 600 1369 si
624 1313 758 1368 exercitus
781 1313 970 1386 imperatorem
994 1312 1087 1373 iaciat,
1110 1320 1156 1366 aut
1171 1311 1278 1368 diaconi
1293 1329 1327 1366 ex
1344 1329 1405 1368 sese
1428 1313 1560 1369 electumu

249 1398 411 1453 industrium
428 1397 663 1455 ‘archidiaconum'
678 1406 788 1459 vocent:
805 1397 851 1470 qui
866 1396 1020 1470 ubicunque
1035 1396 1127 1458 luerit,
1150 1396 1205 1451 sive
1220 1396 1330 1456 Romae,
1347 1397 1405 1453 sive
1421 1397 1536 1471 Eugiibii,

248 1483 304 1537 sire
320 1481 566 1555 Constantinopoli,
583 1481 638 1537 sive
654 1482 740 1554 liegii,
763 1482 818 1537 sive
833 1481 1010 1543 Alexandriae,
1034 1481 1089 1537 sire
1106 1481 1199 1542 Tanis,
1216 1480 1340 1536 eiusdem
1357 1483 1458 1544 nieriti,
1474 1483 1537 1538 eius·

249 1566 308 1623 dem
325 1575 409 1622 estet
425 1567 585 1630 sacerdotii;
609 1564 743 1639 habetque
758 1567 869 1623 eandem
886 1566 913 1621 in
929 1564 1066 1622 subiectos
1082 1564 1133 1621 sibi
1149 1573 1176 1620 et
1192 1565 1320 1620 monendi
1345 1575 1373 1621 et
1395 1567 1536 1639 castigandi

180 1651 280 1706 ill-'et
302 1651 431 1725 puniendi
454 1651 637 1707 autoritatem.
682 1651 735 1706 lam
758 1668 821 1706 vero
844 1651 954 1708 nomine
976 1651 1074 1706 summi
1104 1648 1262 1723 pontilicis,
1285 1651 1333 1722 qui
1363 1651 1481 1724 primum
1501 1651 1536 1706 lo

247 1753 307 1795 eum
330 1744 358 1792 et
380 1735 519 1791 maximam
543 1736 694 1809 potentiam
717 1735 768 1791 sibi
792 1745 907 1809 occupat
930 1734 1020 1798 solus,
1050 1735 1073 1791 si
1102 1734 1147 1807 qui
1171 1743 1235 1789 sunt
1258 1734 1303 1807 qui
1328 1753 1390 1790 sese
1413 1754 1465 1791 suo
1485 1736 1558 1810 epi-¹⁵

248 1838 333 1894 scopo
356 1820 481 1876 subditos
503 1837 564 1876 esse
585 1810 695 1882 volirnt,
725 1820 826 1893 quique
856 1819 961 1894 proprii
984 1819 1107 1893 episcopi
1130 1818 1258 1875 iudicium
1282 1818 1535 1893 subterfugerem

248 1915 363 1968 uantur,
394 1905 449 1960 sire
477 1904 619 1962 calumnim
649 1905 705 1961 sive
727 1905 778 1960 alia
800 1922 880 1961 causa
910 1922 1084 1978 quacunque,
1112 1920 1170 1959 mea
1200 1903 1366 1976 interposita
1395 1905 1535 1960 autoritate

247 1990 354 2046 aliunde
378 1990 491 2047 iudicem
515 1988 567 2044 sibi
590 1998 621 2047 ut
644 1989 776 2063 placuerit
799 1990 931 2046 asciscere
955 1998 1084 2062 possunt;
1114 1990 1196 2043 immo
1224 1988 1306 2042 etiam
1336 1998 1450 2062 ereptos
1480 2007 1558 2063 pro*

248 2075 302 2147 prii
324 2074 446 2149 episcopi
469 2074 568 2130 iudicio
591 2074 651 2129 aliis
675 2073 773 2147 quibus
795 2075 967 2130 commodum
990 2082 1031 2129 est
1056 2073 1133 2129 trado
1156 2072 1306 2134 iudicibus,
1337 2082 1367 2128 et
1389 2074 1421 2128 -id
1445 2073 1535 2130 iutelli-

247 2161 302 2232 gis,
326 2159 437 2215 llenno?
1539 2169 1557 2210 et

179 2245 239 2294 §.tt
314 2243 442 2298 llcnno.
478 2244 537 2300 Non
566 2243 722 2306 admodum,
752 2244 803 2299 nisi
832 2245 868 2299 ita
895 2243 978 2304 velis,
1007 2251 1037 2299 ut
1060 2243 1082 2297 si
1106 2258 1184 2317 quem
1208 2241 1273 2297 milri
1297 2259 1329 2297 er
1354 2243 1422 2300 meis
1445 2243 1533 2316 quibus

247 2327 346 2383 iudicio
370 2344 502 2401 praesum.
533 2345 587 2400 quo
615 2326 697 2383 alium
725 2328 834 2402 impune
856 2328 1012 2385 calumniari
1035 2328 1138 2401 possit,
1169 2325 1294 2399 adempta
1317 2327 1384 2382 milri
1408 2329 1479 2383 omni
1500 2329 1533 2383 iu·

246 2411 308 2468 dicii
332 2429 474 2485 poeuceque
498 2412 524 2467 in
547 2411 770 2468 calumniatorem
794 2422 929 2486 potestate
952 2412 1127 2468 subtraxeris.

309 2496 473 2570 Legatos.
511 2496 640 2559 Omnino,
670 2506 744 2554 recte
774 2498 865 2572 capis,
897 2497 930 2553 ab
958 2497 1088 2553 interiore
1117 2496 1203 2552 iudice
1233 2494 1322 2552 libero
1356 2505 1384 2552 et
1404 2496 1532 2571 ,super-ieri

245 2581 331 2637 trado.
1536 2593 1554 2630 at

309 2667 406 2722 Puer.
441 2665 502 2723 >Hoc
524 2667 629 2740 agitur,
652 2676 784 2740 quantum
808 2665 948 2740 intelligo,
973 2667 1042 2722 ¹huic
1063 2666 1143 2723 detur
1165 2666 1296 2740 pecunia,
1325 2673 1353 2721 et
1378 2666 1436 2740 ipse
1457 2666 1530 2723 selris·

246 2760 347 2809 matum
364 2752 417 2807 crit
432 2760 527 2815 autor,
550 2769 605 2807 non
629 2769 707 2808 secus
730 2770 813 2826 agens
837 2770 917 2825 quam
940 2752 961 2806 si
985 2751 1089 2826 pastori
1114 2768 1177 2806 ores
1200 2750 1316 2806 obedire
1339 2760 1467 2813 retuero,
1493 2769 1531 2824 pa·

246 2836 370 2892 rentibus
390 2836 511 2899 liberos,
535 2837 752 2911 preceptoribus
768 2835 938 2911 discipulos,
962 2835 1167 2909 magistratibus
1189 2835 1274 2895 cives.
1298 2835 1419 2892 dominis
1434 2853 1528 2896 seruos,

179 2925 275 2977 §.eoet
298 2930 428 2995 quantum
451 2922 544 2984 video,
573 2923 680 2996 quando
709 2921 761 2978 boc
788 2921 970 2983 admittimus,
1001 2921 1065 2995 quid
1088 2938 1158 2994 opus
1180 2921 1233 2976 erit
1256 2919 1441 2993 peculiaribus
1462 2919 1529 2975 nobis

245 3007 398 3080 episcopis,
422 3024 491 3079 quos
509 3016 585 3063 tanto
602 3007 645 3062 hic
660 3007 826 3062 sustinemus
842 3015 967 3079 sumptu,
989 3023 1050 3062 cum
1066 3005 1201 3061 llomauus
1224 3004 1284 3078 ipse
1308 3006 1432 3078 pontiler
1454 3015 1479 3060 et
1492 3004 1550 3058 sois

244 3091 354 3164 Legati,
378 3090 490 3147 abiectis
505 3110 519 3147 a
535 3091 693 3164 cognitione
708 3091 907 3147 dissensionum
925 3090 997 3146 inter
1011 3108 1077 3146 suos
1098 3090 1249 3162 episcopis,
1274 3089 1326 3163 ipsi
1351 3083 1526 3145 ἐπισκοπῶν-

238 3191 304 3250 leeg,
335 3174 387 3231 boc
405 3183 452 3250 est
474 3176 729 3250 superintendentes
752 3193 811 3232 esse
834 3174 945 3232 solunt?
975 3176 997 3229 si
1021 3175 1047 3229 bi
1071 3174 1150 3229 nciliis
1173 3174 1275 3229 iudices
1299 3174 1331 3229 ad
1356 3192 1431 3230 suam
1454 3173 1525 3229 libidi·

246 3276 306 3314 nem
330 3251 475 3316 instituere
497 3262 647 3323 conantur,
677 3279 732 3316 non
761 3260 817 3316 sint
846 3259 977 3316 officiales
1006 3260 1148 3332 deinceps,
1176 3276 1232 3313 non
1261 3259 1318 3322 sint
1347 3260 1523 3333 episcoporum

246 3342 353 3405 vicarii,
376 3360 432 3398 non
456 3345 511 3399 sint
534 3345 653 3407 fiscales,
677 3363 732 3400 non
755 3345 809 3401 sint
832 3345 1024 3419 episcoporum
1048 3344 1074 3398 in
1097 3343 1243 3398 Gennauia
1261 3343 1375 3399 nomine
1398 3345 1522 3399 concione

248 3433 336 3487 tores:
365 3443 419 3481 non
450 3428 557 3499 obediat
585 3430 712 3486 sacerdos
734 3430 879 3504 episcopo,
910 3446 964 3484 non
986 3430 1116 3485 diaconus
1144 3428 1295 3492 sacerdoti;
1324 3429 1542 3501 permisceamus

248 3508 472 3584 involvanturque
496 3513 599 3575 omnia,
630 3522 724 3587 pereat
754 3513 798 3569 illa
829 3513 1066 3588 quantulacunque
1094 3513 1180 3568 adhuc
1208 3522 1250 3568 est
1274 3514 1301 3569 in
1324 3513 1437 3569 ecclesia
1456 3508 1519 3567 disci·

177 3593 335 3672 l·¹⁰⁰·plina‚
379 3595 436 3650 lloc
459 3594 524 3651 illud
553 3606 595 3652 est
623 3599 761 3670 prolecto,
791 3599 863 3672 qum
886 3599 1009 3654 Africana
1038 3616 1112 3671 saepe
1134 3598 1329 3671 episcoporum
1351 3597 1460 3660 concilia
1479 3594 1518 3648 llo

245 3696 324 3734 mano
348 3679 517 3752 scripserunt
539 3681 680 3743 Pontifici,
713 3692 817 3738 tanturn
841 3683 891 3738 sibi
921 3682 1072 3756 postulanti
1101 3678 1267 3755 tyrannidis,
1299 3681 1396 3738 oculos
1419 3676 1512 3755 plusti·

244 3764 308 3820 dere
332 3781 412 3837 quam
436 3764 557 3826 oculum,
582 3765 678 3823 imlicia
694 3785 773 3840 quam
791 3768 919 3824 iudicium
935 3766 1013 3842 plura
1028 3767 1182 3840 dispicere,
1200 3766 1296 3822 orbem
1311 3768 1439 3832 maiorem
1454 3777 1512 3836 quau

244 3849 339 3905 urbem
361 3867 433 3910 esse,
463 3849 567 3905 nullum
591 3851 650 3924 ipso
679 3853 794 3925 proprio
817 3860 928 3926 pastore
951 3870 1014 3907 suns
1038 3869 1101 3906 oves
1124 3849 1221 3906 melius
1245 3869 1343 3914 nosse,
1367 3850 1455 3907 melius
1472 3855 1530 3919 pso

163 3956 164 3959 ¹
244 3952 334 3997 scere,
365 3933 461 3990 melius
489 3935 616 3999 tondere,
645 3936 742 3992 melius
771 3937 792 3991 si
822 3937 954 3993 morbidae
978 3936 1081 3992 luerint
1103 3953 1212 3998 curare,
1242 3935 1340 3992 melius
1363 3935 1396 3992 ab
1416 3935 1509 3989 irruente

157 4046 163 4054 ·
243 4019 390 4076 defendere
410 4018 488 4094 lupo.

176 4105 243 4152 §.tien
293 4104 467 4177 legatus.
505 4105 570 4162 ltem
597 4115 721 4179 potestas
751 4105 887 4162 relaxandi
918 4107 1084 4169 iuramenta,
1113 4123 1174 4179 quae
1197 4106 1320 4180 praestita
1341 4106 1370 4161 in
1391 4094 1519 4160 conuecti&

243 4186 538 4252 bus,.instrumentis,
561 4190 775 4263 obligationibus
799 4191 940 4254 omnibus,
964 4199 1146 4265 praeterquam
1171 4208 1231 4264 quae
1253 4190 1316 4246 data
1338 4205 1443 4247 camere
1459 4195 1505 4254 ³1³⁰·

242 4270 356 4326 stolica.
470 4286 476 4292 ·
723 4304 733 4311 ·-
1055 4292 1059 4303 ‘
1509 4271 1526 4311 ⁴⁵

243 4385 446 4397 ——-——-—

309 4450 320 4484 ²
344 4444 441 4504 odric
463 4447 550 4520 ὑγιές.
574 4457 652 4507 Nibil
675 4472 781 4508 eanum.
800 4458 894 4522 Eurip.
909 4463 937 4507 et
949 4457 1089 4523 Aristopb.
1103 4455 1161 4506 Cic.
1176 4455 1211 4507 ed
1224 4455 1281 4506 Ate.
1296 4456 1353 4506 XV.
1364 4455 1411 4517 l‚t.
1468 4440 1501 4492 Νῑ·

182 4588 186 4596 ,
241 4534 282 4584 hil
299 4540 386 4590 sanie
455 4537 476 4571 ¹²
494 4538 593 4606 'PonisJ
619 4533 761 4604 Transisti.
775 4559 797 4592 e.
812 4539 955 4603 Thareisll
973 4529 1159 4592 ulrhimnis‘t
1176 4556 1198 4589 e.
1212 4541 1320 4591 Tunis?
1384 4523 1501 4587 ”Pastori
1594 4560 1595 4565 ,

243 4633 309 4670 ores
326 4622 439 4672 obedire
457 4628 556 4673 vetent
574 4627 632 4675 suis
650 4627 763 4676 statutis
776 4627 918 4676 Remmia
970 4625 993 4658 ³⁷
1012 4627 1051 4689 Of.
1065 4627 1163 4675 conciet.
1180 4625 1344 4688 Gertllope'nn.
1357 4631 1381 4675 et
1396 4625 1455 4684 tepr-
1466 4611 1500 4671 sb·

241 4705 328 4766 priore.
343 4712 418 4771 atque
432 4708 565 4772 Aequitio.
602 4707 711 4759 ⁴⁰eeset
724 4714 747 4761 1.
800 4707 821 4741 ⁴³
844 4710 1001 4760 Relaxondi
1018 4712 1202 4763 iuramentum
1220 4714 1368 4775 potestates
1418 4728 1423 4733 ⁴
