3232 5416
596 818 879 902 ADDENDA
982 737 1384 888 ⁸dv01·u.bnerp.atetoa.

379 972 460 1032 run.
485 935 649 1034 narrum
677 974 725 1034 un
747 972 906 1033 nanum
929 968 1096 1034 nuruum

321 1091 459 1145 mentm
490 1070 636 1142 conruit
665 1091 880 1142 soranosrvn
911 1091 1150 1148 curnnnmvn
1192 1162 1194 1166 Ι

635 1192 838 1243 rnnrmro.

70 1393 320 1467 5[uusnnuvncr.l
418 1425 422 1432 ·
601 1394 872 1471 CCXXXXI*.
908 1455 912 1472 Ι
1057 1393 1283 1460 [o.?srn1n.?a.
1299 1407 1354 1455 1521.

214 1584 266 1629 'ao
288 1588 405 1640 tranunt
426 1560 529 1628 eumn
551 1559 630 1629 dein
652 1557 705 1628 mu
728 1579 879 1626 necisum
902 1555 1052 1627 nunnosn
1075 1581 1245 1626 carnerunt
1270 1562 1274 1568 ’

156 1666 348 1714 osrnnsonrs
365 1671 527 1713 sruvusrm
543 1671 709 1714 enrnrurrs
725 1671 876 1712 sennenn
890 1668 1319 1712 nasoons1o‘nun.svrnnnr.

401 1770 560 1820 LECTORI
578 1771 660 1820 VLR.
679 1769 789 1819 HVT'I‘.
808 1766 1080 1819 FOELICITATEM.
1142 1746 1145 1751 Ι

179 1906 254 1966 Sunt
276 1907 326 1984 qui
348 1908 492 1966 mirantur
515 1912 601 1984 atque
624 1904 829 1973 offenduntur,
853 1904 931 1983 quod
953 1910 1064 1966 tantam
1087 1905 1116 1963 in
1139 1903 1261 1974 ecclesia
1283 1901 1384 1963 turba·

62 2007 354 2068 lotionemLutheri
382 2008 514 2068 doctrina
544 2007 620 2068 lecit.
673 2007 761 2078 Quasi
789 2023 851 2066 non
880 2007 916 2065 sit
944 2004 992 2065 illa
1021 2012 1125 2066 natura
1154 2003 1237 2065 verbi
1265 2003 1327 2071 dei,
1357 2011 1386 2063 et

94 2110 176 2186 quasi
199 2109 271 2185 citra
294 2110 448 2186 negocium
471 2107 649 2169 abominatio
669 2106 734 2175 illa,
758 2125 832 2187 quae
854 2107 936 2169 sedet
958 2105 1113 2185 intemplo
1129 2106 1193 2175 dei,
1217 2111 1296 2164 tanta
1313 2113 1384 2164 tern-

93 2210 175 2287 poris
203 2208 399 2288 longitudine,
428 2210 580 2270 hominum
608 2208 796 2271 multitudiue
827 2216 855 2269 et
883 2209 1083 2285 magnitudine
1113 2209 1240 2277 munita,
1274 2225 1290 2266 e
1319 2205 1385 2265 loco

93 2318 194 2371 sancto
217 2311 292 2371 deici
310 2311 419 2388 possit,
445 2329 512 2372 curn
533 2318 614 2371 tanto
638 2318 745 2371 conatu
767 2312 899 2379 resistat,
929 2318 1042 2370 utnon
1064 2311 1166 2389 pauci,
1196 2305 1384 2372 etiamboni,

94 2429 154 2470 non
175 2413 274 2471 minus
289 2413 425 2481 timeant,
449 2413 544 2490 ipsum
561 2412 597 2473 ab
613 2431 647 2473 ea
662 2410 851 2490 Evangelium
868 2411 959 2497 vinci,
983 2428 1071 2490 quam
1091 2410 1138 2471 illa
1153 2397 1236 2470 timet
1250 2427 1282 2470 se
1299 2408 1386 2484 bodie

62 2535 86 2574 15
97 2508 315 2574 destruendam.
362 2514 535 2592 Quanquam
557 2513 644 2574 stulte
668 2516 750 2574 timet
772 2514 902 2592 quisquis
917 2514 1013 2582 timet,
1037 2511 1077 2572 ibi
1093 2513 1170 2572 enim
1185 2512 1273 2571 timor
1288 2509 1386 2569 nullus

95 2622 152 2675 est:
176 2614 282 2675 Portae
305 2616 467 2676 interorum
490 2616 630 2676 adsersus
652 2633 751 2676 reram
768 2615 921 2675 eeclesiam
937 2633 996 2673 nou
1012 2612 1222 2691 praevalebunt.
1257 2600 1386 2672 l'erlmm

95 2716 141 2776 dei
164 2718 312 2794 potentius
335 2717 391 2777 hoc
414 2717 524 2777 mundo
548 2724 599 2778 est.
639 2718 700 2795 Ego
723 2716 853 2776 demiror
875 2715 1015 2794 impietati
1038 2714 1127 2775 ullam
1150 2732 1233 2792 spem
1257 2730 1320 2773 esse
1335 2710 1386 2771 ali·

95 2817 165 2896 quid
186 2836 218 2878 se
241 2818 425 2887 effecturam,
449 2837 508 2878 non
530 2819 607 2897 quod
631 2825 731 2896 putem
747 2819 840 2896 ipsam
856 2816 978 2877 credere
993 2824 1053 2876 tam
1068 2816 1143 2876 lorte
1159 2823 1187 2875 et
1202 2800 1307 2894 potens
1323 2830 1386 2873 esse

95 2917 218 2979 verbum
241 2919 287 2979 dei
311 2920 389 2998 (quid
413 2921 490 2980 euim
513 2920 655 2998 impietati
678 2938 745 2981 cum
767 2917 853 2996 fidel)
883 2917 1036 2997 sed”quod
1059 2919 1188 2986 ratione,
1212 2917 1237 2976 si
1260 2932 1320 2974 uon
1342 2915 1386 2974 io-

60 3028 209 3081 aosensata
233 3029 261 3080 et
283 3022 439 3081 raucissima
464 3028 555 3090 esset,
586 3021 669 3081 lacile
700 3018 838 3096 colligere
860 3027 968 3097 posset.
1013 3019 1086 3081 llam
1108 3037 1168 3078 non
1191 3018 1295 3095 impios
1317 3014 1387 3075 latet

96 3129 125 3182 et
146 3120 298 3183 meliorem
321 3131 349 3183 et
372 3124 513 3182 maiorem
536 3117 673 3182 Ecclesiae
695 3128 810 3199 partem
825 3119 1029 3199 Evangelicam
1050 3121 1202 3181 veritatem
1225 3134 1386 3196 agnoscere
1432 3112 1442 3157 t

96 3230 125 3283 et
147 3222 292 3301 amplecti.
323 3224 436 3284 animus
459 3231 556 3284 autern
579 3223 705 3283 bominis
728 3228 771 3283 est
793 3224 930 3292 invictus,
953 3221 1033 3282 nulla
1056 3223 1082 3281 ri
1106 3223 1171 3299 cogi
1193 3228 1304 3300 potest,
1327 3237 1386 3278 non

95 3373 282 3425 CCXXXXI*.
319 3376 400 3425 Hanc
418 3376 626 3441 praelationem,
650 3383 864 3440 praeterquam,
889 3375 1002 3425 sibene
1022 3376 1146 3434 memini,
1166 3373 1270 3424 nullum
1288 3372 1386 3421 Hutte-

95 3467 147 3508 nus
166 3456 314 3524 requalimn
331 3474 441 3510 snorum
459 3460 538 3511 libris
557 3461 701 3526 praemisit,
720 3459 765 3511 rel
785 3462 809 3510 si
827 3461 899 3510 tanti
917 3460 951 3509 ad
970 3462 1059 3525 ipsum
1077 3465 1153 3509 recte
1167 3457 1387 3525 cognoscendum

97 3546 228 3593 momenti
245 3560 300 3594 nou
319 3550 405 3606 esset,
426 3547 522 3610 quanti
541 3547 607 3595 mihi
626 3546 748 3606 videtur,
768 3544 850 3595 valde
869 3545 1073 3595 memorabilem
1087 3550 1114 3594 et
1128 3559 1188 3608 quae
1201 3543 1318 3627 postffis
1330 3548 1386 3590 trn·

5 3622 9 3630 ’
97 3628 178 3678 detur
196 3627 400 3694 diguissimam,
420 3631 578 3696 mirumest
596 3631 686 3681 adbuc
704 3630 829 3680 latuisse.
864 3631 948 3680 Forte
973 3630 1082 3679 fortuna
1100 3629 1144 3678 his
1163 3629 1260 3678 diebus
1278 3624 1386 3675 nitidis·

97 3713 194 3761 simum
212 3713 367 3763 Luthornni
384 3713 474 3763 libelli
493 3721 588 3785 contra
609 3715 788 3765 Cathurinum
808 3716 875 3766 editi
894 3714 1046 3780 exemplum
1070 3729 1152 3763 monn
1170 3713 1301 3775 scriptum
1319 3708 1387 3758 mihi

98 3797 263 3862 conparavi,
284 3798 361 3847 cuius
385 3799 496 3848 initium
515 3799 619 3852 illudo
637 3817 693 3864 me,
713 3801 806 3851 nescio
827 3816 862 3850 en
880 3801 979 3866 primo,
1000 3799 1103 3848 editum
1122 3797 1281 3862 prooemiuui
1301 3794 1385 3842 facit:

98 3897 160 3930 nem
179 3881 250 3930 liber
267 3883 307 3931 ito
325 3883 444 3948 scriptus
460 3889 519 3946 est,
539 3890 569 3934 ut
587 3888 713 3950 suspicer
732 3901 805 3947 eum,
830 3889 861 3933 ut
878 3886 969 3949 operis
988 3883 1021 3933 ad
1040 3880 1219 3947 repetendum
1237 3879 1387 3928 editionem

98 3966 267 4029 traderetur,
286 3966 455 4017 destinatum
474 3970 558 4019 luisse
573 4008 578 4019 .
594 3971 690 4034 igitur,
712 3950 821 4020 etiarnsi
840 3970 924 4029 forto,
940 3968 982 4031 *de
1002 3983 1054 4033 quo
1072 3965 1185 4015 multum
1204 3965 1311 4023 dubito,
1331 3964 1385 4012 Lu-

97 4050 208 4100 therani
228 4056 323 4100 contra
342 4051 522 4103 Cotberiuum
541 4055 631 4104 libelli
649 4054 803 4118 exemplum
828 4053 877 4101 illa
895 4053 1059 4116 potestatione
1085 4055 1244 4099 exornatum
1262 4047 1386 4112 publica·

300 4140 356 4184 tum
376 4144 430 4196 est,
456 4137 514 4187 lunc
534 4139 595 4202 ipse
613 4145 706 4186 tannen
726 4121 917 4185 ab'oblivione
936 4137 1104 4185 vindicando
1123 4134 1184 4183 fuit.

166 4269 294 4320 tuocum
311 4273 390 4322 verbi
409 4272 463 4338 dei]
490 4273 737 4326 cf.n1anh.x.3t.
801 4272 822 4305 ¹¹
841 4271 973 4336 abomim]
993 4254 1386 4336 ef.Paul.ep.ll.adTl1oss.

98 4354 167 4405 11.4.
199 4356 713 4425 Daniet.1x.27.sponatxxtnt.
768 4373 830 4423 0quo
843 4364 893 4406 MS.
959 4354 979 4387 ¹³
997 4359 1070 4407 dolel
1088 4362 1162 4407 etiam
1174 4360 1224 4403 MS.
1283 4357 1386 4406 curm.

98 4441 182 4504 pauci
201 4442 294 4490 etiam.
314 4448 364 4496 MS.
417 4442 539 4495 ¹⁵stulte
558 4442 647 4510 timet]
669 4442 1018 4509 et.Ioann.l.ep.1V.18.
1056 4441 1076 4473 ¹⁶
1094 4443 1173 4494 Poate
1192 4447 1242 4490 MS.
1282 4437 1384 4506 Portae]

98 4524 197 4573 Motth.
211 4526 283 4577 XVI.
299 4526 338 4578 18.
385 4527 405 4560 ¹⁷
418 4531 455 4580 cl.
468 4530 543 4580 Petri
556 4530 576 4580 I.
588 4545 630 4594 ep.
644 4528 665 4577 Ι.
679 4527 720 4578 23.
731 4542 802 4593 ⁸qu
835 4527 853 4560 ’Β
872 4530 923 4593 ips.
938 4524 1059 4591 eredere]
1079 4527 1115 4576 cf.
1130 4527 1224 4579 Ioann,
1238 4526 1256 4579 l.
1271 4543 1294 4576 c.
1308 4527 1331 4574 4.
1347 4542 1386 4590 sq.

100 4607 121 4642 ¹⁹
139 4609 193 4658 dei.
214 4611 279 4675 quid
291 4618 342 4663 MS.
423 4614 486 4678 qdid
506 4612 586 4680 enim]
607 4615 643 4665 cf.
662 4613 742 4664 Paul.
760 4629 803 4678 ep.
816 4613 852 4663 11.
872 4613 907 4662 ad
920 4613 983 4663 Cor.
996 4599 1044 4663 Vl‘:¹
1060 4612 1097 4662 15.
1181 4612 1252 4662 lide?
1271 4611 1318 4661 sed
1336 4615 1386 4662 MS.
1462 4662 1464 4677 Ι

96 4696 119 4727 ²¹
139 4696 233 4747 Ecolie
253 4703 303 4749 MS.
355 4702 407 4764 pte.
420 4700 591 4766 Euangelicz't
608 4703 658 4751 MS.
728 4717 736 4741 ι

1259 4748 1263 4764 t

1218 4794 1246 4845 ip
