3210 5416
331 379 557 447 [rracrrnnruaar]
594 387 693 436 riccius
712 385 885 434 aubeterre.
922 384 1007 447 (tato.)
1240 372 1314 443 533

79 554 243 620 Ι1111111111.
280 554 331 609 Sed
354 555 474 628 nunquid
498 553 569 610 aliud
594 563 620 610 te
642 556 746 610 movit?

88 637 221 694 Eceius.
258 637 358 694 Gloriae
379 640 558 712 appetentia:
583 637 635 695 lroc
661 647 741 713 pacto
769 640 839 695 enim
870 657 918 713 per
948 657 995 696 ora
1023 643 1142 697 virorum
1170 642 1383 711 doctornnrpea,

28 722 139 778 uolitare
161 722 322 795 cogitabam.

87 806 246 862 Auditor.
283 796 350 862 Num
374 805 464 862 aliud?
1126 858 1133 867 ,

68 890 219 946 llccius.
255 890 393 958 pontificis
409 891 445 947 ob
460 891 669 966 ecclesiasticam
684 893 881 965 protectionem
898 894 986 955 lavor,
1010 895 1052 950 cui
1068 911 1131 968 spes
1146 894 1215 950 lucri
1230 895 1316 951 heere·

28 974 85 1040 bat,
107 991 168 1030 cum
192 974 287 1031 scirem
310 975 457 1048 plerosque
479 992 510 1032 er
526 976 620 1031 bumili
644 985 718 1032 sorte
740 985 768 1031 et
789 976 871 1050 longe
893 978 1039 1033 virtutibus
1062 978 1127 1033 meis
1150 979 1266 1052 lnrpares
1282 981 1315 1036 ad

28 1058 222 1114 bardinalatum
243 1076 330 1132 nsque
352 1068 460 1116 evectos
483 1077 556 1122 esse,
580 1061 645 1133 quid
668 1060 752 1133 igitur
774 1068 801 1117 et
823 1079 865 1117 me
882 1078 990 1135 quoquc
1006 1079 1116 1135 sperare
1140 1062 1313 1135 prohibebit?

87 1144 247 1199 Auditor.
284 1143 354 1199 Nihil
377 1144 516 1217 prolecto,
546 1145 610 1218 quin
639 1153 666 1199 et
694 1162 792 1201 aureos
820 1153 925 1201 montes
950 1145 998 1200 tibi
1022 1163 1085 1219 spes
1107 1145 1314 1203 subministrare

28 1227 137 1299 poterit.
181 1226 234 1284 Sed
256 1228 378 1300 nunquid
401 1236 429 1284 et
450 1237 477 1283 te
500 1246 610 1302 quoque
633 1229 729 1284 invidia
752 1228 925 1285 stimulabat?
1324 1235 1383 1283 §.et

53 1320 56 1323 “
90 1311 224 1366 Eccius.
262 1311 381 1374 lliuirm,
405 1312 457 1366 nisi
481 1314 552 1385 quod
576 1314 640 1369 mibi
661 1314 732 1369 band
756 1312 925 1369 tolerandum
947 1312 1101 1375 videbatur,
1125 1315 1147 1388 si
1172 1323 1225 1369 tarn
1248 1315 1317 1370 mul·

28 1403 83 1450 tum
106 1412 120 1451 a
144 1402 198 1450 tana
220 1395 313 1451 multis
333 1396 447 1451 llartino
471 1397 653 1460 tribueretur,
677 1415 737 1452 cunr
761 1413 838 1452 nemo
863 1398 972 1453 interim
995 1398 1104 1453 Eckinm
1128 1397 1258 1464 laederet.

82 1479 248 1535 Auditor.
284 1480 410 1554 Nunqnid
439 1498 503 1536 vero
532 1483 626 1543 times,
657 1498 690 1536 ne
719 1480 872 1544 inconsulta
900 1482 1039 1537 temeritas
1067 1482 1093 1536 in
1125 1481 1257 1551 malorum
1289 1491 1315 1539 te

28 1580 98 1618 mare
121 1562 267 1636 aliquando
290 1565 463 1638 praecipitet?
1092 1580 1095 1585 ·

88 1646 220 1703 Eccius.
257 1648 378 1710 Minime.
401 1649 533 1722 siquidem
557 1650 685 1705 eradentes
708 1648 827 1705 Fortuna
850 1650 922 1705 iuvat
944 1650 1107 1724 timidosque
1131 1649 1253 1723 repellit,
1276 1651 1316 1706 sic

28 1731 83 1786 itur
104 1732 137 1786 ad
159 1739 240 1788 astra.

88 1815 247 1872 Auditor.
285 1813 515 1888 Xoaopuvtlote‘
528 1827 611 1883 nect
631 1819 779 1874 conviciis?

89 1898 221 1956 Eccius.
257 1901 382 1967 llarirnc,
413 1902 477 1975 quid
505 1903 576 1958 enirn
599 1901 670 1959 aliud
693 1919 772 1976 quarn
795 1901 967 1959 contumeliae
990 1911 1018 1958 et
1037 1901 1117 1958 malae
1139 1911 1212 1958 artes
1234 1900 1383 1962 uoto-ess.

28 1984 135 2042 aienses
157 1984 312 2059 Theologos
340 2003 401 2040 cunr
432 1985 577 2042 tribulibus
606 1987 662 2041 suis
686 1986 804 2042 laruosos
826 1987 985 2042 reddidere?
1013 2005 1044 2042 ex
1067 1986 1165 2060 quibus
1188 1988 1315 2060 perpauci

28 2068 87 2122 noti
112 2069 240 2130 luissent,
265 2070 316 2125 nisi
342 2077 395 2125 turn
418 2069 542 2126 furenter
564 2071 590 2125 in
613 2070 777 2144 Capnionenr
798 2070 954 2127 debacchati
977 2080 1078 2127 essent.

93 2152 256 2209 Auditor,
294 2150 398 2215 liabeo,
422 2155 646 2226 quemadmodum
669 2171 717 2211 nec
739 2154 888 2228 sacrilegos
911 2154 957 2211 ille
972 2156 1105 2229 Ephesius
1121 2155 1315 2217 nominaretur,
1352 2170 1354 2174 ·

28 2236 47 2291 si
73 2235 203 2309 templum
225 2246 311 2294 staret
333 2238 430 2293 [tianae.
677 2230 684 2235 ⁴

89 2321 222 2377 Eccius.
259 2322 341 2378 llecte
363 2320 487 2395 quidem,
512 2323 624 2387 ¹minime
648 2324 733 2396 igitur
755 2325 782 2378 in
805 2322 960 2379 bominibus
982 2325 1066 2379 sortis
1088 2322 1200 2380 abiecte
1223 2323 1318 2395 genui·

28 2411 76 2459 nus
99 2405 298 2477 figendus'est,
321 2407 368 2476 scd
392 2408 418 2461 in
442 2407 572 2480 optimum
595 2425 729 2481 qrrenrquc
752 2408 844 2480 lingua
868 2408 993 2464 acuenda.

93 2486 250 2546 auditor.
286 2490 410 2563 Egregie.
489 2517 491 2522 ⁸
589 2491 594 2503 '

90 2574 226 2629 Eccius.
256 2573 326 2641 Quin
341 2584 369 2629 et
384 2575 495 2631 Erasmo
510 2593 598 2649 nuper
612 2585 701 2632 errata
716 2594 764 2631 sua
779 2576 894 2639 ostendi,
911 2575 961 2631 sub
972 2576 1160 2631 benivolentiae
1172 2583 1315 2649 praetextu.
1326 2586 1385 2636 §.aa

92 2658 251 2713 auditor.
289 2659 336 2720 Et,
360 2659 387 2714 ni
410 2659 507 2729 fallor,
530 2660 581 2716 sub
605 2660 793 2716 benivolentiae
815 2669 948 2734 praetextu
968 2660 1016 2715 ille
1040 2660 1088 2715 tibi
1112 2660 1261 2733 respondit.

78 2741 222 2798 *tlemus
260 2742 311 2798 Sed
339 2751 367 2798 et
388 2743 551 2818 Gapnionem
582 2745 609 2800 in
639 2744 731 2799 multis
754 2743 880 2799 refellere
902 2761 1028 2817 possum,
1057 2743 1133 2816 prius
1156 2751 1245 2798 tamen
1269 2743 1319 2796 Lu·

28 2827 139 2882 tharana
161 2827 231 2882 mibi
249 2826 302 2882 tela
324 2826 485 2885 absolvenda
508 2837 563 2890 est.
595 2829 656 2901 inde
677 2829 782 2883 Zasiunr
810 2837 837 2883 et
854 2828 996 2900 ‘optimum
1026 2844 1161 2900 quemque
1183 2827 1320 2881 mordicus

28 2910 172 2983 arripiam,
196 2919 224 2966 et
246 2912 323 2984 quasi
346 2911 434 2967 'l'itani
457 2931 517 2969 curn
539 2913 591 2968 diis
614 2912 795 2984 belligerabo:
819 2929 901 2985 qunrn
924 2912 995 2966 eninr
1018 2912 1123 2966 ermetis
1145 2910 1267 2966 doctrina
1291 2916 1318 2962 et

28 2994 174 3068 prudentia
195 2994 366 3057 antecellarn,
391 2998 523 3053 nerninem
546 2998 678 3064 lorrnido,
702 3005 729 3052 ct
752 2998 870 3051 omniurn
893 2997 1002 3050 minime
1017 2995 1167 3064 Gerrunicos
1183 2994 1316 3048 indoctus.

92 3078 247 3134 Auditor.
281 3078 412 3137 l'ortiter.
450 3082 501 3136 Sed
524 3082 556 3136 ad
579 3074 630 3137 boc
652 3097 747 3154 quaeso
769 3079 918 3153 responde:
950 3097 1014 3134 nurn
1037 3095 1098 3134 vera
1120 3096 1180 3133 esse
1203 3077 1385 3140 arbitra-§.oa

27 3163 66 3218 ris
91 3180 151 3235 qum
173 3163 311 3224 eluendis.
334 3165 422 3219 etita
446 3183 475 3220 re
498 3166 555 3239 ipsa
579 3167 664 3221 sentis
688 3164 910 3238 qrrematlruodurn
934 3163 1031 3219 scribis
1053 3170 1081 3218 et
1103 3161 1243 3234 loqueris?

92 3247 221 3303 Eccius.
259 3247 332 3302 Bona
355 3249 435 3305 verba
458 3267 567 3323 quaeso,
591 3250 652 3323 quis
675 3250 746 3304 enirn
769 3249 806 3305 ita
826 3247 976 3322 delyraret,
1000 3255 1031 3302 ut
1054 3263 1107 3303 non
1131 3246 1157 3301 in
1174 3246 1223 3303 bac
1238 3264 1319 3302 causa

28 3331 105 3407 clam
118 3349 179 3387 curn
201 3331 315 3388 llartiuo
339 3333 467 3394 sentiret,
491 3336 612 3406 quemvis
634 3333 721 3407 palam
744 3332 824 3389 aliter
845 3331 1004 3387 simularet?

91 3415 250 3479 Audit-or.
288 3415 353 3472 llira
375 3426 402 3472 et
424 3419 572 3491 pugnantia
594 3418 725 3491 loqueris.

89 3499 224 3556 Eccius.
242 3530 243 3533 ¹
261 3498 341 3566 Quasi
371 3518 426 3556 non
452 3500 531 3558 liceat
560 3502 631 3558 aliud
653 3502 757 3564 dicere,
786 3501 859 3557 aliud
880 3517 945 3556 vero
968 3500 1109 3563 simulare,
1139 3501 1251 3557 maxime
1272 3500 1388 3562 ubiles

28 3585 60 3641 dc
84 3592 191 3658 quaestu
213 3583 312 3656 agitur.

94 3668 254 3727 Auditor.
293 3667 364 3744 Ergo
387 3669 474 3742 magis
497 3679 619 3743 quaestus
642 3688 722 3744 quam
743 3670 787 3725 dei
810 3670 900 3726 bonor
921 3670 1133 3726 considerandus
1155 3669 1214 3724 est?

95 3752 228 3809 Eccius.
266 3750 333 3818 Quid
356 3753 400 3808 dei
422 3754 527 3809 bonor?
550 3754 651 3827 'caelum
673 3755 733 3810 caeli
756 3754 881 3816 domino.
912 3762 1011 3810 terram
1040 3763 1130 3809 autern
1158 3751 1322 3807 dedit'lrliis

32 3838 187 3900 borninum;
216 3836 353 3906 simulatio
378 3846 480 3893 tantum
503 3847 531 3894 ct
553 3839 648 3913 populi
671 3838 789 3895 stultitia
811 3838 889 3907 nobis
912 3838 993 3894 salvae
1016 3847 1206 3911 permaneant,
1233 3842 1262 3890 et
1284 3833 1321 3888 nil

31 3922 110 4000 nobis
133 3921 166 3975 de
189 3921 319 3984 internis,
341 3922 487 3979 dummodo
511 3932 622 3979 externe
644 3933 672 3979 ct
694 3922 892 3979 ceremonialia
915 3922 967 3977 rite
989 3921 1169 3995 procedant.-

95 4005 251 4060 Auditor.
289 4004 354 4060 llaec,
373 4023 440 4062 nora
462 4015 490 4062 et
512 4016 591 4063 antea
613 4007 731 4063 inaudita
756 4006 893 4078 theologia
916 4014 967 4060 est.
1331 4015 1391 4064 §.8⁹-

97 4185 109 4217 ²
128 4201 177 4250 per
189 4201 238 4234 ora
250 4183 309 4251 etc]
324 4186 717 4252 nnn.ap.ci0.‘ruse.1.t.5‚sr.
754 4185 976 4250 ⁹q110queom.a.
1018 4180 1039 4214 ¹⁴
1058 4178 1324 4248 Verg.Aen.X.?84.

34 4269 316 4334 etSenec.ep.73‚tt.
352 4269 656 4321 ¹⁰‘Contumeliis.'t.m.
693 4269 714 4301 ¹⁹
732 4268 882 4318 debachati
897 4271 919 4316 1.
962 4263 1325 4329 ¹⁰Ephesius]Erostrutus.

32 4354 53 4387 ²²
65 4355 222 4406 Genuinum
241 4354 375 4416 ldentem)
394 4356 522 4419 infigere,
542 4355 662 4418 genuino
681 4353 804 4403 mordere
822 4351 951 4399 dicuntur
968 4348 1182 4397 calumniatores
1195 4347 1265 4397 clam
1280 4348 1326 4396 ob·
1409 4413 1416 4416 -

35 4442 201 4490 trectantea.
253 4438 395 4503 ”quenqp
415 4444 437 4489 1.
502 4430 1328 4501 ι1111111110](31.111111111111111)Εο11ἰο11.“ὶ.111111.11.1118.

34 4523 169 4587 scriptam
181 4537 224 4587 ep.
239 4520 295 4586 (ed.
312 4521 425 4587 troop.
438 4521 497 4572 ⁶290.
511 4521 563 4584 eq.)
609 4519 631 4551 ²⁹
650 4522 692 4569 lte
705 4518 787 4568 Eckii
807 4532 869 4566 cum
879 4516 961 4565 Zaaio
978 4517 1011 4565 de
1031 4516 1083 4565 lide
1102 4517 1179 4566 besti,
1192 4516 1330 4565 servanda

36 4603 243 4671 disceptatione
261 4608 325 4657 vide
344 4608 470 4670 Sttntztap
490 4606 543 4656 Uir.
559 4605 658 4653 Zueiraee.
683 4604 746 4654 Bae.
763 4600 835 4650 1857.
850 4617 875 4666 p.
888 4599 943 4648 1112.
955 4615 1015 4664 sqq.
1084 4597 1107 4632 ³⁰
1129 4590 1287 4648 Canonicus
1306 4604 1329 4648 1.

37 4687 252 4754 Canonie.ind.]
271 4690 411 4755 Cbsupra
429 4688 508 4750 §.2st
579 4686 601 4717 ⁸³
620 4688 751 4737 deliraret
770 4689 795 4735 l.
852 4683 874 4714 ³⁹
892 4682 1162 4735 restauratam.
1272 4692 1324 4728 ιιιιι1
