3232 5422
217 359 290 431 340
391 373 481 423 vult.
553 387 679 422 nouerca
699 387 810 422 curura.
882 384 1022 422 ursaceus
1043 386 1227 421 nrrraurcvs.
1253 372 1338 434 (rtet.)

281 565 431 606 murana.
470 542 545 614 Quid
569 541 699 620 postulas
722 539 885 617 intelligere
906 559 968 608 me,
993 541 1042 618 qui
1066 539 1171 600 rideris
1193 541 1333 617 ignorare
1350 543 1414 619 ipse
1430 540 1514 600 aliam

217 648 304 706 luisse
327 643 503 723 primitivam
526 642 602 702 illam
625 642 802 710 Ecclesiam,
832 642 861 702 in
890 660 948 720 qua
976 659 1030 719 pro
1061 649 1147 719 captu
1177 644 1270 702 aetatis
1300 643 1424 703 luerunt
1452 643 1512 707 ista,

216 743 339 822 {2⁶3th
361 757 368 828 Ι
391 743 477 805 aliam
499 744 576 804 hanc
599 743 829 822 triumphantem
853 761 945 813 nuuc,
970 746 998 802 in
1021 761 1079 820 qua
1101 743 1254 822 splendida
1279 745 1378 804 omnia
1402 750 1432 802 et
1453 740 1512 819 glo·
1537 810 1540 831 1

217 851 268 910 rire
291 845 377 926 piem
400 864 464 907 csse
487 846 641 906 contenit?

235 992 238 1005 s
280 968 455 1010 rtvrnrnvs.
496 946 556 1006 [lua
580 946 634 1006 luit
656 965 789 1025 semper,
820 948 935 1025 eritque
963 946 1085 1024 posthac
1108 947 1214 1008 Christi
1237 946 1378 1007 Ecclesia.
1425 959 1531 1024 porcat

217 1051 352 1110 iniuriam
374 1049 434 1126 pati
463 1049 580 1107 vincere
609 1054 654 1107 est
681 1047 847 1126 apostolis„
871 1056 903 1107 ut
931 1066 968 1108 ue
995 1047 1064 1126 quid
1092 1047 1275 1126 triumphare
1304 1050 1343 1108 sit
1378 1050 1508 1123 ignores:

120 1166 122 1174 ’
215 1150 348 1234 §mm
371 1143 378 1211 Ι
401 1147 493 1226 gloria
517 1167 586 1209 reru
609 1148 824 1227 Episcoporum
847 1156 891 1209 est
914 1155 945 1209 ut
967 1147 1013 1208 illa
1029 1147 1126 1217 Pauli,
1151 1149 1297 1210 nerninem
1322 1149 1440 1218 laedere,
1462 1168 1506 1209 ne·
1605 1129 1606 1146 Ε

216 1254 325 1312 minem
348 1268 554 1328 corrumpere,
578 1250 725 1310 nemiuem
741 1251 968 1318 circumvenire,
993 1258 1155 1311 et-rursum
1171 1251 1250 1328 quod
1266 1253 1306 1311 ait
1330 1251 1401 1313 ‘Nos
1416 1262 1504 1311 autern

217 1353 337 1430 gloriari
359 1358 476 1428 oportet
497 1352 527 1411 in
550 1351 644 1411 Cruce
668 1350 795 1412 domini'.
1598 1333 1599 1336 Ἴ

148 1449 336 1531 §.rcgqrgqgl
402 1471 550 1513 nourroa.
590 1451 665 1523 Quid
694 1455 751 1522 aiS,
786 1454 888 1530 optimi
916 1453 1043 1530 pastoris
1070 1454 1199 1513 officium
1234 1471 1292 1512 nou
1330 1463 1375 1514 est
1406 1467 1527 1532 augereu

217 1573 353 1633 gregem,
377 1554 485 1614 docere
508 1551 718 1623 obedientiam,
742 1572 808 1632 quae
830 1553 897 1631 plus
920 1562 965 1616 est
986 1573 1073 1634 quam
1097 1555 1228 1624 victima,
1253 1555 1387 1633 aliligere
1410 1574 1441 1615 se
1462 1573 1502 1614 cu·

216 1661 257 1719 ris
276 1664 309 1717 et
322 1672 474 1715 macerare
489 1653 698 1724 sollicitudine,
724 1664 755 1715 ut
769 1656 862 1733 possit
878 1674 968 1735 quana
982 1656 1081 1716 ultime
1096 1656 1342 1733 provehererem
1359 1655 1502 1717 Ecclesia?

216 1755 384 1841 ᾗτῐξζξῇξῖη
448 1775 621 1819 nvrunnvs.
659 1757 724 1824 Est,
754 1758 777 1815 si
806 1757 861 1817 rite
891 1759 1005 1836 capias:
1035 1775 1103 1816 nam
1125 1774 1235 1833 augere
1258 1757 1366 1819 Christi
1395 1775 1500 1835 gregem

217 1863 247 1921 iu
273 1859 377 1919 animis
406 1865 454 1919 est·
481 1858 535 1936 ipsi
564 1856 790 1919 lucrifaciendis.
836 1859 915 1936 quod
939 1861 988 1937 qui
1011 1860 1084 1937 agit,
1114 1860 1140 1918 is
1161 1859 1329 1937 provehere
1352 1860 1420 1921 lidei
1442 1858 1500 1919 lini·

217 1971 262 2023 tes
284 1960 517 2027 rectedioetur;
541 1960 631 2037 siquis
655 1976 723 2019 reru
746 1959 804 2018 hoe
825 1967 967 2036 praetexat
989 1960 1122 2038 quidem,
1157 1960 1185 2019 id
1216 1979 1285 2020 vero
1314 1969 1383 2037 agat
1409 1969 1441 2022 ut
1462 1974 1520 2038 peu

218 2065 335 2132 curriam
355 2062 512 2139 conquirat
536 2068 564 2120 et
585 2060 746 2138 potentiam
769 2060 900 2129 invadat,
932 2063 1008 2121 scias
1037 2081 1103 2122 eurn
1134 2079 1193 2122 uon
1216 2061 1326 2123 Christi
1355 2081 1421 2124 esse
1446 2079 1499 2140 apo·

150 2165 341 2234 noudum,
364 2163 417 2224 sed
439 2162 610 2222 Christianae
633 2162 761 2221 veritatis
783 2179 997 2239 perversorem.
1042 2164 1078 2224 de
1106 2164 1272 2225 cuiusmodi
1299 2171 1383 2226 recte
1410 2162 1501 2227 Paulus

167 2299 169 2303 ⁴
220 2267 411 2345 praemonuit,
436 2263 531 2335 ‘Quod
554 2262 650 2330 lacio,’
673 2256 767 2342 iuquit
790 2263 878 2324 ‘idem
901 2264 1071 2333 etfaciam,
1101 2274 1134 2325 ut
1155 2274 1306 2344 amputem
1330 2267 1502 2326 occasionem

218 2369 268 2437 iis,
292 2369 342 2445 qui
365 2367 487 2445 cupiunt
509 2365 710 2433 occasionem,
735 2366 810 2424 utin
827 2384 862 2425 eo
877 2365 914 2425 de
930 2385 988 2444 quo
1005 2365 1183 2444 gloriantur,
1206 2369 1397 2446 reperiantur
1415 2382 1508 2445 quam·
1595 2437 1596 2440 Ἴ

219 2468 377 2528 admodum
401 2474 518 2529 etuas:
549 2465 692 2543 siquidem
721 2465 885 2527 istiusmodi
907 2466 1128 2544 l'seudapostoli
1145 2470 1284 2547 voperarii
1313 2468 1412 2529 dolosi
1439 2469 1536 2529 suntsi

220 2588 337 2628 auaitum
360 2557 367 2627 Ι
390 2575 505 2646 sumpta
528 2585 655 2646 persona
670 2565 879 2646 Apostolorum
895 2566 1019 2628 Christi.
1058 2568 1230 2631 Ohedientia
1245 2588 1316 2631 rero
1330 2589 1423 2649 quam
1437 2567 1523 2631 dicis,
1614 2608 1615 2612 ,

219 2692 280 2735 non
302 2671 366 2732 haec
388 2678 432 2731 est
459 2688 525 2747 quae
547 2669 679 2730 llomano
701 2667 834 2728 Pontifici
855 2677 1012 2747 praestatur
1034 2670 1137 2741 hodie,
1167 2672 1217 2732 sed
1247 2672 1284 2732 de
1313 2691 1372 2751 qua
1402 2673 1531 2733 dieituI»

152 2776 300 2855 §.reunia
326 2773 452 2835 obedire
479 2778 595 2851 oportet
625 2771 717 2846 magis
740 2769 795 2830 deo
818 2789 906 2849 quam
928 2770 1114 2832 hominihus'.
1152 2772 1299 2834 Praeterea
1315 2776 1428 2834 summi
1446 2780 1536 2853 pon·

221 2875 356 2953 gqfflffl·
378 2873 385 2942 l
408 2874 507 2942 tineis,
525 2871 621 2951 'siquis
644 2889 710 2931 esse
731 2871 837 2932 deheat
854 2867 915 2931 hoc
929 2879 1079 2951 tempore,
1103 2872 1231 2934 cilicium
1248 2881 1294 2936 est
1308 2893 1436 2952 pascere
1452 2876 1542 2934 oveti

220 2978 342 3039 Christi:
363 2975 423 3035 ,hoc
445 2981 543 3034 autem
566 2973 596 3032 iu
619 2992 654 3033 eo
677 2974 766 3033 situm
788 2980 849 3050 est,
883 2966 916 3034 ¹ut
938 2975 1079 3053 exemplis
1101 2982 1225 3053 praeat,
1256 2976 1341 3037 laetis
1369 2972 1566 3038 ostentate

220 3080 299 3158 apud
321 3077 408 3139 deum
432 3077 487 3154 piis
509 3093 564 3153 pro
580 3072 698 3152 populo
725 3074 907 3135 orationihus
934 3077 1113 3146 intercedat,
1144 3078 1276 3137 doctriua
1307 3078 1442 3144 erudiat,
1470 3082 1549 3138 3¹·

218 3179 386 3244 hortatione
403 3183 596 3256 ¹peruroreat,
626 3173 729 3240 sedulo
752 3183 780 3236 et
803 3174 957 3254 dihgeuter
979 3177 1114 3254 advigilet
1141 3179 1249 3257 nequid
1277 3178 1316 3240 de
1345 3200 1439 3259 grege
1466 3165 1553 3240 sill

221 3288 339 3360 pereat,
362 3269 499 3339 omnihus
521 3278 573 3336 riis
595 3276 717 3339 ohsistat
744 3278 851 3356 nequid
886 3291 979 3357 usque
1001 3278 1128 3340 aberret.
1174 3281 1226 3341 sed
1255 3299 1354 3358 neque
1382 3282 1443 3343 hoc
1470 3288 1556 3362 pi·

221 3403 354 3441 eremana.
377 3372 384 3439 Ι
407 3377 566 3446 scamilli,
590 3380 646 3438 nisi
670 3385 780 3439 tautum
804 3386 883 3438 arnet
904 3378 1067 3449 Christum,
1098 3388 1129 3442 ut
1156 3383 1185 3441 in
1214 3381 1382 3443 dilectionis
1404 3385 1559 3461 proma

223 3477 371 3565 'ggqlgflqgffll
393 3467 401 3538 Ι
422 3479 506 3539 sione
528 3480 603 3539 ausit
625 3479 725 3541 dicere
749 3479 802 3539 ‘Tu
818 3481 884 3548 scis,
908 3481 1042 3551 domine,
1066 3484 1132 3560 quia
1155 3502 1222 3544 amo
1245 3483 1292 3552 ιε’,
1315 3480 1588 3546 commentatt

224 3590 314 3643 utne
337 3580 484 3641 existeres
507 3584 630 3660 eosqui
653 3583 808 3660 pecuniam
831 3589 945 3651 amant,
969 3583 1025 3644 rite
1046 3583 1210 3662 Episcopus
1231 3587 1305 3646 lieri.

154 3702 216 3751 au.
289 3701 438 3743 nomana.
476 3682 512 3742 ht
534 3683 597 3744 haec
613 3682 728 3771 ‘eadem
754 3685 887 3761 agnoscit
912 3684 1064 3746 Romanus
1090 3692 1204 3759 numer,
1239 3705 1340 3765 neque
1367 3674 1572 3769 impugnati

225 3791 296 3865 puto
319 3802 385 3861 quae
408 3783 495 3853 dicis,
519 3783 570 3846 sed
593 3784 690 3862 siquid
712 3785 781 3844 inde
803 3792 853 3845 aut
874 3785 929 3845 sihi
951 3787 1073 3847 remittit
1094 3795 1144 3848 aut
1166 3786 1231 3848 aliis
1258 3788 1407 3867 indulget,
1438 3791 1466 3852 id
1549 3787 1573 3830 ⁵⁰

224 3886 386 3948 arbitratur
408 3905 443 3948 ex
465 3893 608 3964 potestate
631 3885 686 3947 sihi
708 3887 851 3964 permissa
873 3886 981 3947 lacere.

286 4007 460 4051 nvrnnevs.
498 3988 592 4066 htque
615 3987 671 4048 hcc
693 3987 837 4065 estquod
866 4006 920 4047 nos
949 3990 998 4068 qui
1027 3992 1177 4051 veritatem
1207 3999 1343 4061 tuemur,
1370 3992 1447 4054 urale
1468 3978 1602 4051 ,ΙΝ

208 4089 289 4168 ιΙιει,
312 4088 393 4167 quod
416 4088 505 4150 multa
529 4090 615 4150 tacite
637 4089 785 4167 agnoscit,
809 4087 965 4167 aliquando
989 4091 1086 4152 verhis
1105 4093 1192 4152 etiam
1214 4075 1338 4171 probat,
1361 4096 1414 4156 sed
1438 4074 1580 4155 lan*ijs

225 4199 391 4255 aversatur:
426 4208 495 4252 nam
525 4191 549 4250 si
579 4192 718 4268 inspicias
746 4197 776 4251 et
801 4189 908 4254 Petrus
936 4198 968 4251 ut
998 4194 1101 4254 vixerit
1129 4202 1159 4253 ct
1190 4194 1328 4273 Episcopi
1360 4204 1393 4256 ut
1427 4180 1583 4257 vir<ant

267 4425 412 4476 '⁷Ledere
431 4430 454 4473 1.
507 4424 626 4491 7Ριιιι1.]
651 4426 975 4490 ep.ll.ad00r.VlI.·2.
1028 4429 1113 4481 tuos
1132 4428 1233 4496 autem]
1252 4430 1335 4482 Pauli
1355 4447 1397 4500 ep.
1413 4432 1447 4484 ad
1460 4415 1584 4467 ΛΓ

229 4507 278 4557 rae.
292 4509 338 4558 vr.
353 4507 392 4558 ιι.
413 4509 502 4572 „aren
522 4516 613 4559 aurem
633 4511 708 4560 anso
721 4511 848 4576 gloriari,
867 4511 921 4560 nisi
940 4513 968 4561 an
988 4529 1069 4564 cruca
1088 4515 1192 4565 uonna
1210 4518 1375 4578 nostrtlesu
1388 4501 1582 4569 eiurati-

230 4589 252 4621 ιι
274 4591 353 4641 etur.
371 4592 408 4641 11.
428 4608 469 4656 ap.
489 4593 523 4642 aa
542 4594 666 4644 sorano.
680 4595 728 4644 ιιι.
742 4595 827 4644 rara.
914 4594 936 4627 ²³
954 4597 1016 4647 aar.
1034 4605 1121 4664 apost.
1136 4601 1168 4650 v.
1182 4599 1223 4649 eo.
1305 4601 1328 4634 ιι
1346 4604 1388 4652 ru
1406 4606 1536 4654 suff
1551 4576 1581 4645 a]

230 4674 336 4739 Evang.
356 4690 411 4725 sec.
430 4676 525 4727 Iocum
545 4679 618 4729 XXI.
635 4677 673 4728 15.
687 4693 746 4743 sqq.
811 4677 840 4723 ³¹,
852 4678 895 4729 Cf.
910 4695 992 4745 supra
1005 4700 1031 4747 p.
1047 4682 1102 4733 loe.
