3270 5430
265 355 314 425 54
563 368 614 417 ΙΙΙ.
684 381 823 417 ursarum
843 381 866 416 s.
886 380 968 416 avus.
1005 381 1155 415 uranonvs.
1175 367 1259 431 (1518.)

265 545 367 616 aperte
389 537 497 604 inimici
519 543 602 604 sunt,
637 535 721 595 lacilo
748 534 785 595 ab
812 535 857 595 his
883 535 935 595 tibi
964 536 1089 603 caveris;
1124 536 1182 595 boe
1209 534 1320 595 malum
1348 553 1402 613 pcr
1431 537 1558 612 speciem

265 640 398 699 amicitiai
421 638 495 699 clam
518 637 635 714 irrepit,
660 637 799 697 blandum
822 655 983 705 venenum,
1008 637 1102 710 iocata
1124 639 1223 714 pestis.
1262 645 1350 716 atque
1373 637 1488 716 aliquos
1508 638 1559 697 bo-

265 759 332 802 rum
355 740 423 799 noui
444 741 536 800 miros
558 740 587 798 in
609 738 714 800 modos
736 740 902 816 principum
925 738 1054 799 bonitate
1077 738 1245 808 abutentes,
1269 739 1412 818 quosdam
1436 757 1505 799 sero
1523 742 1560 799 ita

265 843 442 902 elloeminate
463 847 659 909 assentantes,
689 847 717 899 ut
743 858 800 899 non
824 840 913 900 vcrba
936 848 1049 901 tanturn
1072 840 1162 900 rebus
1184 841 1422 909 accommodent,
1457 859 1559 901 rerum

266 945 351 1002 etiarn
374 949 460 1019 gestu
483 941 571 1002 rerba
594 942 776 1020 exprimantc
800 941 959 1020 inquibus
982 942 1153 1005 ialsissiruus
1174 944 1263 1001 animi
1291 942 1377 1002 index
1402 943 1485 1001 irons
1507 950 1583 1003 ests

265 1063 333 1103 nam
355 1062 473 1102 omnem
497 1050 662 1120 opportune
685 1044 820 1102 allectum
844 1042 996 1111 simulant,
1021 1050 1049 1102 et
1072 1051 1103 1102 ut
1123 1043 1223 1102 volunt
1238 1043 1367 1103 colorem
1385 1026 1481 1103 tultus
1496 1063 1560 1104 mu·

263 1129 343 1212 lacit,
368 1144 418 1204 udi
439 1163 474 1204 ac
497 1143 599 1204 molles
622 1152 651 1205 et
673 1161 879 1222 quamcunque
901 1162 1058 1221 personam
1079 1145 1191 1220 ssrrgcre
1206 1144 1291 1214 velis,
1315 1145 1428 1205 idonei:
1453 1146 1561 1224 qirippe

268 1246 365 1306 cronia
388 1245 471 1305 lacile
494 1246 643 1305 imitantur
665 1263 700 1305 ac
722 1247 898 1322 exprimunt.

199 1363 258 1415 por,
332 1365 459 1407 cssrvs.
498 1345 628 1416 Qualiter
650 1346 698 1407 ille
720 1348 853 1432 existimo
876 1346 1002 1425 Philippi
1024 1346 1173 1417 adulator,
1203 1349 1252 1426 qui
1280 1366 1312 1408 se
1343 1348 1479 1408 claudum
1508 1349 1562 1408 lin-

267 1447 370 1524 gebat,
395 1447 474 1526 quod
496 1449 521 1506 is
544 1467 612 1508 crus
635 1448 759 1508 lractoni
783 1447 919 1518 baberet,
954 1449 991 1509 ob
1022 1449 1109 1527 idque
1138 1449 1239 1509 ocidos
1270 1451 1357 1509 etiam
1384 1458 1594 1530 contorque-u

267 1549 340 1617 bat,
358 1549 441 1627 quod
461 1549 564 1609 eodeni
587 1557 671 1634 gestu
694 1556 770 1610 esset
792 1549 891 1609 berne.
936 1550 972 1610 Et
995 1551 1048 1610 bos
1070 1551 1151 1610 alunt
1172 1552 1320 1628 principes
1342 1570 1377 1609 ac
1399 1551 1563 1611 bonoribus

267 1646 411 1712 cllerunt‘t

330 1759 494 1813 uissvnvs.
533 1751 633 1811 Primo
654 1751 719 1812 loco
742 1752 856 1829 ‹lecepti
878 1753 989 1813 scilicet
1011 1770 1065 1830 per
1093 1770 1241 1823 errorem,
1270 1754 1404 1813 homines
1426 1753 1563 1831 gravibus

272 1852 380 1932 alioqui
402 1855 481 1914 curis
504 1852 634 1930 impliciti
658 1851 686 1913 et
708 1852 744 1913 ad
767 1855 912 1914 tristitiam
936 1855 974 1914 ob
997 1855 1024 1914 id
1048 1855 1206 1932 proclives,
1230 1874 1303 1934 quos
1325 1853 1365 1914 illi
1389 1862 1472 1931 grata
1487 1873 1563 1915 sem·

269 1973 324 2033 per
346 1973 380 2015 ac
402 1953 466 2015 laeta
490 1957 661 2015 nunciantes
683 1955 811 2015 iucunde
834 1957 978 2024 alliciunt,
1002 1957 1097 2014 onmia
1121 1975 1224 2016 eorum
1247 1956 1442 2027 admirantes
1467 1957 1595 2015 omniau

200 2068 258 2119 §.³2
269 2054 404 2116 laudibus
426 2058 596 2125 cllcrentes,
627 2059 713 2116 etiam
736 2075 770 2116 ea
793 2075 858 2135 quae
880 2057 1058 2135 iniquissima
1081 2058 1223 2117 noverint.
1269 2056 1334 2118 Non
1362 2064 1407 2116 est
1434 2057 1564 2117 invenire

269 2158 347 2217 aliud
371 2159 427 2219 lroc
450 2158 601 2218 hominum
625 2176 733 2236 genere
756 2160 847 2235 peius.
893 2166 980 2237 atque
1006 2158 1036 2218 hi
1063 2166 1134 2218 suut·
1158 2160 1208 2236 crui
1230 2160 1290 2218 suis
1312 2160 1446 2235 pessimis
1470 2160 1564 2218 cousi-

269 2258 313 2319 lils
332 2260 445 2336 optime
468 2260 612 2321 animatos
634 2260 784 2337 principes
805 2261 834 2318 in
858 2257 1018 2319 multorum
1042 2278 1076 2319 eo
1098 2259 1127 2318 iu
1142 2258 1224 2319 orbis
1239 2261 1400 2337 perniciem
1416 2260 1565 2319 invertunt

269 2376 303 2418 ac
326 2367 512 2436 pervertunt,
536 2379 653 2439 semper
676 2360 808 2437 duplices
831 2379 864 2419 ac
887 2359 1047 2436 bilinguem
1070 2377 1125 2438 per
1147 2378 1221 2438 qnos
1243 2361 1274 2421 to
1297 2378 1355 2439 qno
1371 2361 1469 2419 minus
1484 2368 1564 2420 recte

269 2462 384 2537 sapiant
404 2468 521 2522 recteve
545 2463 651 2522 iaciant
674 2461 728 2530 illi,
754 2479 819 2521 nam
844 2462 889 2521 bis
911 2460 1064 2522 autori-bus
1086 2481 1182 2540 neque
1197 2462 1283 2521 bouis
1297 2463 1452 2540 praemium
1469 2476 1597 2539 nequeo

268 2579 354 2639 poeua
377 2561 461 2622 malis
485 2570 542 2631 est;
566 2563 693 2631 bisunt,
718 2562 818 2631 Ceste,
842 2564 891 2640 qrii
908 2563 1022 2622 lonium
1040 2563 1182 2632 rendunt,
1206 2563 1312 2641 quibus
1328 2563 1364 2622 ab
1381 2562 1436 2621 illis
1452 2570 1565 2640 empto-

268 2663 352 2723 ribus
374 2663 480 2723 dicitur
504 2663 686 2724 ‘commenda
709 2683 756 2724 rne
779 2663 928 2741 principi:
958 2670 1038 2724 certe
1066 2664 1161 2724 cilicia
1190 2672 1218 2724 et
1245 2666 1438 2741 praelccturas
1460 2663 1498 2723 ab
1521 2664 1566 2723 bis

269 2767 394 2825 mercari
422 2765 490 2825 licet
519 2774 563 2833 et,
593 2773 625 2825 ut
648 2765 755 2844 aliquid
780 2766 888 2826 lbciant
910 2765 1053 2844 aliquidve
1082 2765 1180 2825 dicent
1206 2766 1368 2843 principes,
1402 2764 1565 2833 redimere:

270 2866 377 2944 quibus
400 2869 485 2926 etiarn
510 2885 585 2944 quos
606 2865 707 2926 volum
729 2885 814 2926 coros
836 2883 1015 2945 rursumque
1042 2867 1162 2927 infestos
1192 2884 1266 2944 qrros
1293 2866 1394 2925 volunt
1421 2866 1566 2935 reddunt;

271 2968 300 3028 bi
323 2987 338 3028 a
362 2968 468 3045 quibus
491 2987 613 3029 nurnero
636 2988 752 3047 quoquo
775 2977 968 3045 acceperunt,
992 2969 1026 3027 iis
1048 2968 1204 3046 aliqnando
1227 2968 1326 3027 lucum
1351 2967 1461 3026 iaciunt
1484 2975 1513 3026 ct
1535 2969 1600 3027 inis

202 3088 261 3138 §.oa
273 3088 374 3131 caussa
397 3078 480 3140 sunt,
504 3069 664 3131 multorum
686 3071 851 3148 principum
876 3069 996 3130 lelioitas
1011 3077 1043 3130 ut
1058 3076 1157 3148 peresi
1174 3076 1199 3130 et
1217 3069 1419 3136 subvertatur;
1442 3068 1567 3136 bisunt,

337 3324 510 3373 ³miromin
528 3324 692 3373 modum13.
764 3322 1260 3386 ,Quosdab(etaliilcorr.ll.‚q
1320 3319 1565 3387 risissent]

250 3411 255 3420 '
271 3409 375 3457 Contra
394 3408 527 3457 usitatum
546 3407 729 3472 proverbium.
753 3408 795 3457 dd
814 3409 845 3469 Q.
861 3407 920 3456 Cle.
934 3408 967 3456 de
982 3412 1037 3472 pet.
1052 3422 1126 3456 cons.
1144 3405 1182 3455 ll.
1197 3407 1243 3454 ubi
1262 3405 1295 3454 de
1313 3406 1426 3466 „fronte
1444 3419 1506 3468 qnae
1525 3410 1569 3455 est

273 3492 358 3541 onimi
378 3492 478 3540 ianua''
498 3492 613 3556 dicitur,
633 3493 679 3541 bic
698 3492 774 3541 loeus
794 3492 917 3556 respicit.
970 3491 981 3522 ⁶
1001 3492 1090 3540 .Nam
1109 3492 1145 3540 II.
1159 3506 1208 3555 pro
1221 3493 1281 3541 edd.
1295 3491 1349 3552 Qui
1368 3491 1437 3554 quod
1448 3492 1492 3540 13.
1507 3506 1568 3555 quo-

273 3591 324 3639 qne
343 3576 468 3625 retinuit.
522 3583 655 3642 oportune
670 3579 872 3625 r...r.o..1o.12.
931 3576 1201 3626 vtotcdd.corr.H.
1276 3574 1435 3639 ⁷.Quippe
1451 3576 1516 3637 fecit
1529 3576 1567 3624 H.

272 3677 307 3709 ex
325 3661 379 3722 Qui
392 3664 417 3709 5.
437 3660 555 3725 (quique'
568 3666 593 3710 in
607 3661 669 3711 edd.
689 3677 745 3710 csse
763 3662 915 3710 mendacium
934 3667 973 3708 est
988 3644 1046 3722 Ι13.)

425 3746 531 3807 „Nemo
550 3761 626 3816 suos,
647 3746 707 3795 hece
727 3750 769 3794 cst
787 3744 864 3794 Aulae
883 3750 982 3793 notura
1001 3745 1130 3810 potentis,

476 3830 530 3880 Sed
549 3832 652 3881 domini
671 3845 760 3879 mores
777 3829 956 3878 Caesarianus
974 3829 1085 3878 hobet”.
1122 3829 1238 3878 Martini.
1254 3827 1533 3892 opperirentur).

272 3913 326 3946 Μ
341 3914 469 3975 Qualiter
522 3915 612 3965 herus.
622 3915 753 3964 aremii.
768 3914 826 3965 Carra
838 3921 896 3963 cett.
911 3915 1096 3963 eddomiedd.
1115 3914 1260 3963 Fabellam
1274 3917 1386 3965 enarret
1395 3913 1569 3978 desslisopho

272 4001 397 4066 parasito
417 4016 450 4049 ex
468 4000 596 4049 Athenaei
614 4000 747 4063 Deipnos.
760 3999 806 4047 Vl.
821 3999 862 4047 54.
887 3997 943 4060 (cd.
957 3998 1111 4063 Schweigb.
1125 3999 1162 4049 11.
1181 4014 1206 4062 p.
1220 3998 1291 4061 454.)
1314 3998 1405 4047 Minus
1422 3997 1507 4063 pleno
1525 4003 1569 4047 est

272 4085 398 4135 narratio
409 4084 519 4134 Aeliani
533 4086 568 4133 H.
581 4085 612 4133 A.
631 4083 718 4135 IX.'l.,
783 4081 803 4113 ¹³
822 4084 913 4132 Primo
932 4083 1007 4143 loco,
1032 4083 1143 4148 decepti
1166 4082 1289 4142 scilicet,
1314 4083 1400 4132 adeor.
1415 4084 1452 4132 H.
1469 4099 1519 4147 pro
1537 4098 1569 4132 eo

273 4173 342 4237 quod
358 4173 383 4219 in
402 4172 460 4220 edd.
480 4176 518 4218 ert
536 4170 572 4218 Et
590 4169 677 4233 primo
696 4167 757 4216 loeo
776 4167 888 4231 decepti
907 4167 1030 4227 scilicet,
1051 4167 1110 4216 dec.
1125 4166 1186 4216 scil.
1200 4183 1246 4216 om.
1263 4169 1305 4216 13.
1377 4164 1399 4199 ¹⁴
1416 4167 1450 4216 ob
1470 4167 1498 4216 id
1522 4169 1568 4216 od-

271 4269 323 4304 scr.
337 4257 373 4304 H.
437 4255 531 4315 ,Quos
549 4255 607 4302 edd.
628 4268 643 4316 q
662 4269 730 4302 corr.
744 4253 781 4301 H.
847 4251 868 4282 ¹⁷
886 4251 1059 4300 adolatores.
1079 4266 1158 4315 scorp.
1172 4256 1196 4300 5.
1262 4249 1283 4281 ¹⁸
1301 4257 1423 4299 armatos
1436 4255 1480 4301 13.
1535 4268 1569 4301 ec

218 4379 222 4389 .
272 4337 439 4389 ocber.H.'
481 4336 669 4399 ¹⁹.Semp5.,
695 4351 804 4401 semper
821 4352 889 4386 corr.
904 4337 941 4385 H.
1018 4341 1046 4385 et
1068 4335 1207 4400 bilingues
1221 4339 1264 4384 13.
1333 4333 1486 4397 '⁰‚Quibus
1509 4337 1567 4385 edd.

273 4424 363 4472 .Num
381 4422 425 4471 his
443 4438 511 4472 corr.
526 4423 561 4471 ΙΙ.
631 4418 651 4453 ²¹
672 4421 738 4470 ium.
755 4417 847 4484 vend]
867 4420 910 4469 Cf.
929 4420 1002 4469 inira
1028 4420 1234 4469 adnotationem
1260 4420 1295 4469 ad
1318 4419 1398 4480 §.42
1438 4418 1462 4450 ²²
1485 4421 1569 4469 Porro

273 4509 331 4556 edd.
352 4506 486 4556 CerteH.
538 4506 583 4555 his
598 4507 632 4556 n.
653 4506 708 4554 illis
727 4507 786 4555 edd.
801 4509 933 4556 etiamid.
985 4502 1006 4537 ²³
1025 4506 1061 4554 Et
1079 4510 1109 4553 ut
1126 4506 1185 4553 edd.
1207 4510 1283 4553 etot
1296 4505 1331 4554 ΙΙ.
1386 4503 1491 4567 aliquid
1510 4504 1568 4553 cdd.

272 4607 306 4639 ve
324 4592 385 4639 add.
399 4593 435 4640 H.
487 4588 510 4622 ²⁴
529 4592 613 4640 etiem
632 4593 692 4640 orld.
709 4591 742 4638 H.
796 4605 901 4639 rursum
921 4604 987 4655 quos
1005 4588 1109 4650 volunt,
1129 4589 1178 4637 ini.
1193 4589 1381 4638 redduntedd.
1397 4588 1519 4638 Correxit
1533 4587 1567 4636 ΙΙ.

272 4672 294 4704 ²³
313 4675 348 4723 iis
361 4676 398 4723 H.
416 4674 460 4722 his
478 4676 537 4723 edd.
556 4675 631 4722 etiam
645 4678 687 4724 13.
762 4671 815 4704 Μ
839 4679 867 4722 et
889 4675 917 4723 in
942 4688 1042 4723 caussa
1097 4674 1276 4722 subvertatur
1299 4671 1362 4737 [non
1382 4676 1411 4721 et
1433 4672 1569 4737 imprimis
