3210 5416
264 368 337 436 540
703 393 821 428 ιιιιοοι
838 384 1109 443 rsuvnourrrnrucr.
1143 381 1145 385 '

260 617 263 625 Ι
326 553 442 610 Amici.
479 551 546 608 llale
567 561 697 609 concocta
719 551 853 607 videntur.

319 638 530 711 Chirurgus.
567 637 620 699 lta,
643 645 673 692 ut
695 636 821 697 cernitis,-
845 652 888 691 res
911 635 1052 691 sehabet.

209 778 214 789 ,
257 746 282 788 ,2
328 722 445 778 Amici.
482 722 535 777 Sed
558 729 585 776 et
607 721 694 776 literae
718 720 879 776 intermixtae
903 728 966 775 srmt
989 720 1098 775 Graecae.

327 806 529 879 Chirurgus.
566 805 693 878 Negativa
715 812 758 859 est
781 804 928 877 theologia.

328 891 445 947 Amici.
482 890 566 964 Pape.
590 890 655 963 quin
679 888 792 944 rubeum
809 888 895 944 eiecit
915 888 1042 944 Biretum.
1534 903 1542 940 ι

328 974 536 1047 Chirurgus.
573 973 642 1029 luris
664 973 791 1028 Canonici
813 972 990 1028 doctoratus:
1026 973 1128 1030 Videtis
1158 991 1242 1035 nune.
1273 991 1353 1047 quam
1381 975 1528 1030 vehementer

266 1060 323 1115 haec
346 1058 435 1114 omnia
458 1058 626 1119 stomachum
649 1058 870 1131 oppresserunt‘.lv
995 1114 998 1120 ,
1462 1067 1467 1074 ’

328 1144 444 1198 Amici.
481 1142 635 1204 Cernimus,
669 1150 697 1197 et
719 1141 789 1196 haud
812 1141 909 1197 mirum
931 1139 954 1197 si
979 1143 1170 1215 aegrotaverit,
1205 1143 1466 1216 magismirandum
1490 1158 1530 1214 quo

264 1236 344 1302 pacto
367 1227 455 1283 vivere
477 1226 607 1300 potuerit.
1398 1246 1400 1251 ·

328 1311 534 1384 Chirurgus
571 1310 599 1365 ln
622 1319 746 1384 tempore
769 1310 877 1372 adveni,
907 1311 955 1366 sed
985 1328 1056 1366 nunc
1079 1312 1217 1367 medicine
1240 1312 1279 1366 vis
1303 1312 1335 1368 ad
1358 1309 1532 1368 inleriorade·
1540 1320 1555 1358 tt

265 1396 384 1456 secudu:
408 1395 568 1451 audistisi'
560 1411 613 1450 rem
636 1394 737 1451 oletum
761 1395 832 1450 iecit.
1362 1421 1365 1425 >

329 1480 444 1535 Amici.
481 1478 550 1545 Quin
572 1479 733 1536 concreavit
761 1478 824 1541 hui,
848 1486 966 1564 quantus
989 1479 1087 1536 ioetor!
1117 1496 1181 1535 num
1203 1478 1285 1535 bilem
1293 1446 1430 1570 egessit?

198 1581 266 1628 ι,.ιιι
329 1564 536 1637 Chirurgus.
572 1563 749 1636 Indulgentiae
772 1572 849 1625 sunt,
884 1580 951 1636 quas
974 1563 1152 1641 iampridem
1181 1576 1374 1683 συκοφανιης
1401 1562 1534 1620 illelloeh·

266 1656 369 1704 stratus
391 1649 419 1704 ιι
440 1640 578 1720 cacologia
601 1666 649 1703 sua
671 1647 860 1721 permerdavit.

328 1733 447 1789 Amici.
484 1732 536 1788 Sed
559 1739 586 1787 et
609 1731 710 1788 nummi
733 1732 870 1826 quidam
863 1748 890 1788 m
913 1731 1018 1790 iuseulo
1041 1731 1089 1788 illo
1113 1734 1279 1788 internatare
1304 1733 1436 1789 videntur.
1541 1745 1556 1784 u

329 1817 536 1890 Chirurgus
574 1815 615 1871 Nil
639 1816 750 1878 mirum,
774 1816 798 1871 si
820 1813 914 1872 cont'ra
938 1817 980 1872 sui
995 1825 1127 1875 naturam
1150 1825 1260 1873 natant:
1284 1818 1436 1873 suntenim
1455 1816 1534 1906 quibos

265 1901 297 1957 ad
319 1902 511 1958 defendendam
534 1917 643 1956 usuram
666 1919 681 1956 a
704 1900 900 1956 mercatoribus
923 1901 1094 1957 inautoratus
1116 1910 1172 1964 est,
1203 1911 1232 1958 et
1262 1903 1325 1975 quia
1353 1902 1439 2020 digeri
1460 1898 1535 1973 neqni-

266 1985 346 2048 bant,
369 1986 497 2042 lenissimi
520 1993 584 2040 sunt
607 1979 713 2064 reddpti
1176 2012 1178 2015 ·

330 2070 445 2139 Amici.
482 2070 568 2125 Potor
590 2067 792 2130 intolerandus,
817 2069 906 2125 itaut
929 2087 1023 2125 nasum
1042 2069 1192 2126 obstruere
1215 2071 1253 2125 sit
1273 2087 1394 2127 necesse.

230 2210 232 2214 .
329 2154 535 2226 Chirurgus.
572 2152 604 2208 Et
632 2154 690 2209 haec
704 2154 902 2226 Magistrurum
925 2154 1085 2210 Nostrorum
1116 2171 1196 2209 suave
1224 2152 1332 2209 olentes
1361 2161 1425 2210 sunt
1447 2152 1553 2208 muudi-o

199 2238 336 2294 euectae.
371 2239 422 2294 Sed
445 2239 496 2293 iam
519 2245 615 2310 aperto
637 2245 748 2310 pectore
770 2237 869 2312 pellem
892 2238 1035 2294 detrahere
1057 2247 1099 2294 est
1122 2255 1241 2294 necesse.
1271 2239 1334 2299 hui,
1358 2257 1419 2312 quc
1437 2237 1528 2309 vitiligo.

268 2338 328 2393 quae
351 2340 447 2395 psora,
471 2322 525 2377 uno
548 2339 710 2394 gangrena,
733 2339 782 2378 seu
804 2322 897 2395 potius
919 2340 1016 2379 cancer
1038 2322 1104 2395 ipse.
1274 2315 1275 2318 '

330 2407 444 2462 Amici.
467 2404 532 2486 Quis
548 2423 664 2478 unquam
680 2414 804 2479 putasset
819 2405 870 2461 sub
882 2415 936 2463 tam
948 2407 1030 2462 nitida
1042 2414 1104 2462 cute
1117 2415 1169 2462 tam
1182 2406 1340 2481 pestilentia
1353 2407 1434 2462 latere
1445 2403 1530 2461 ulcera?

275 2488 278 2494 ’
329 2490 536 2563 Chirurgus.
573 2490 784 2563 igni-impunite
807 2491 922 2564 virgam,
946 2492 1103 2564 icrrumque
1125 2493 1230 2548 acuite:
1266 2493 1389 2565 quedam
1415 2491 1477 2546 enim
1500 2489 1529 2541 in·

266 2574 394 2637 ridenda,
419 2575 540 2648 quaedm
563 2592 627 2630 sero
649 2582 714 2630 sunt
736 2575 874 2631 inurenda.
1317 2644 1320 2649 ,
1533 2585 1549 2622 ιι

331 2659 449 2715 Amici.
486 2659 558 2729 Proh
579 2658 623 2715 dei
647 2658 824 2721 immortales,
852 2667 969 2735 quantus
991 2659 1188 2715 carbunculus!

199 2748 266 2796 §.¹¹⁹
331 2744 532 2817 Chirurgus.
566 2732 735 2809 Ἀλιζονεία
758 2752 808 2798 est.
887 2780 890 2787 ,
946 2746 954 2753 ”

332 2827 450 2884 Amici.
487 2826 519 2883 Et
541 2827 691 2898 carcinoma
715 2828 783 2884 hoc?

331 2912 540 2985 Chirurgus.
579 2892 783 2982 renovavit«.
851 2929 854 2933 ²

330 2996 448 3053 dorici.
485 2995 579 3053 Bubon
601 3009 665 3051 vero
688 2995 752 3053 ille?

331 3082 534 3154 Chirurgus.
574 3076 729 3136 metumtot.

331 3165 445 3222 Amici.
483 3165 536 3221 Sed
558 3183 620 3221 ecee
643 3165 793 3221 Therioma.

330 3250 535 3322 Chirurgus.
569 3236 694 3303 Ασωτια
716 3258 801 3305 est

331 3333 452 3387 Amici.
489 3335 524 3388 itt
539 3332 691 3426 scrophulas
715 3327 800 3390 hee?
880 3399 886 3406 ‚

331 3416 534 3488 Chirurgus.
566 3404 746 3493 Τπόκρισις.

331 3500 449 3556 Amici.
487 3499 657 3557 lurunculus
680 3504 763 3559 veroi

336 3762 469 3814 ‘Adelm
485 3765 521 3814 ed
533 3763 644 3816 Pirclsb.
671 3764 881 3832 [aest.e.1517.]
905 3767 1016 3817 scribit:
1047 3768 1143 3827 „Misit
1165 3783 1252 3832 nuper
1274 3767 1329 3818 huc
1352 3759 1523 3833 impressoribus

271 3851 392 3912 „nostris
411 3860 488 3900 suem
507 3849 583 3900 illem
601 3850 771 3917 theologiam
788 3853 962 3916 negativam,
983 3867 1077 3916 quem,
1098 3852 1241 3912 claudio,
1263 3848 1522 3918 inscripsitcmmen·

268 3937 361 3999 „teria
380 3943 462 4000 super
480 3935 656 3998 Dionysium,
682 3952 762 4000 quem
781 3941 874 3985 tamen
892 3935 986 3985 videre
1004 3949 1058 3986 nec
1074 3935 1163 3996 volui,
1187 3951 1240 3985 nec
1264 3935 1432 3986 desiderari:
1456 3938 1523 3980 serum

269 4018 510 4084 „cumimpresse'
523 4020 621 4080 inerit,
647 4019 700 4069 tibi
719 4034 779 4068 cem
797 4019 918 4081 mittam,
948 4024 979 4068 ut
996 4005 1107 4082 videas,
1136 4007 1208 4069 un’de
1228 4021 1346 4070 furcifer
1363 4023 1413 4070 isto
1430 4008 1523 4066 canit·
1580 4014 1583 4023 “

267 4103 432 4169 „pilaverit,
456 4105 502 4168 qui
520 4103 624 4152 nemini
642 4105 746 4167 percit,
772 4105 912 4168 cumipse
931 4110 962 4153 ιι
980 4105 1090 4168 penitus
1109 4103 1209 4154 alienis
1231 4106 1346 4168 pennis,
1370 4110 1400 4152 ut
1420 4094 1523 4160 tuopte·

256 4187 445 4249 '‚,cornienle‚
464 4203 562 4238 ornere
581 4188 704 4249 studeat,
728 4203 781 4236 nee
799 4193 893 4237 nostro
912 4186 1040 4237 Reiehlin
1058 4189 1087 4236 in
1105 4188 1188 4237 meris
1206 4188 1263 4237 suis
1282 4189 1380 4238 meniis
1397 4187 1460 4236 etc.''
1482 4188 1523 4225 ιιι·

269 4286 370 4321 ossen.
415 4270 457 4303 '¹⁸
475 4270 547 4337 cem]
567 4271 752 4321 calumniosus
770 4271 887 4322 deletor.
952 4269 973 4302 ¹⁴
992 4270 1147 4336 cacologia]
1166 4271 1252 4321 Ludit
1270 4272 1440 4337 perversione
1456 4256 1545 4314 inseri.

269 4355 393 4418 ptionum
410 4355 540 4407 librorum
564 4357 599 4405 ab
618 4356 787 4406 Hoehstreto
806 4372 831 4405 a.
847 4353 920 4405 1518.
935 4359 964 4404 ct
978 4354 1050 4404 1519.
1071 4359 1168 4404 contre
1185 4355 1368 4405 Reuehiinum
1391 4342 1525 4404 coloniole

269 4438 305 4487 4⁰.
326 4439 460 4488 editorum
479 4440 529 4489 sub
548 4431 638 4489 titulis
655 4454 798 4490 aroucam
821 4445 849 4489 et
872 4454 1013 4490 ιιοιοιιιι
1038 4452 1171 4491 ιιονιιιι.
1231 4437 1253 4470 ¹¹
1271 4440 1327 4489 dei.
1346 4437 1396 4504 us]
1420 4437 1453 4486 el.
1467 4421 1524 4492 ιιι*

268 4517 291 4552 ¹⁰
308 4522 450 4571 munditiae
469 4526 494 4572 4.
540 4521 563 4554 ²²
580 4539 671 4588 prora,
690 4515 782 4587 ψώριι,
803 4524 923 4574 scabies.
972 4539 1115 4590 gangrena
1133 4525 1189 4589 M„
1231 4519 1254 4554 ²⁷
1271 4514 1460 4586 ἅλαξονείαι
1484 4509 1524 4558 ‘³¹¹'

271 4605 386 4667 perbie’,.
445 4603 466 4637 ²⁹
486 4607 702 4671 ‘Sycophantint
761 4606 793 4638 ‘³¹
814 4607 871 4656 ‘Sui
888 4608 1003 4658 Διιοι’.-
1043 4606 1079 4653 .⁸²
1096 4604 1336 4673 theulurppieepu,
1354 4602 1524 4657 hatoniscur-

270 4684 293 4715 ³³
313 4688 460 4750 ‘Luxuria'.
486 4733 489 4737 .
513 4687 535 4720 ⁸⁵
554 4691 741 4756 ‘Hypocrisis'.
836 4708 839 4716 ·
879 4707 883 4709 ⁴
