3188 5422
242 357 315 427 4l2
447 371 509 420 ΧΠ.
579 385 725 420 nanturra.
795 383 935 418 orauoovs
954 384 1131 418 uvrramevs
1152 358 1336 431 (reserares).

173 543 290 620 §.isqui
313 543 467 602 immatura
490 545 573 600 etate
596 538 733 618 gerendis
762 537 853 598 robus
882 539 1053 606 accesserit:
1088 539 1175 598 etiam
1206 556 1262 616 ego
1291 539 1372 597 enim
1402 546 1527 616 quartum

241 647 271 704 et
291 644 463 722 vigesimum
486 642 564 702 haud
588 641 658 702 dum
681 657 819 717 egressus
841 658 967 709 annum,
991 656 1058 700 eum
1081 638 1172 700 multa
1196 642 1280 717 prius
1303 639 1389 699 miles
1405 639 1527 698 [mosen

209 815 216 833 ⁸
241 754 375 813 strenue,
405 744 464 804 dux
487 762 551 803 esse
574 741 669 819 incepi
692 742 839 801 exereitus
861 759 948 819 qoem
973 741 1105 801 nondum
1128 741 1297 809 habebam,
1328 743 1380 820 qui
1408 740 1526 800 nondun

207 898 209 907 ,
241 847 366 915 coierat,
391 863 538 923 quemque
561 842 707 904 conscribi
730 843 884 904 celerrime
908 862 975 903 cum
998 851 1166 922 oporteret,
1191 862 1228 903 au
1246 846 1377 903 existere
1393 850 1495 920 pomae,
1514 861 1526 900 a

242 956 321 1008 tauta
350 948 537 1030 'dispersione
566 944 687 1004 dubiam
711 947 829 1022 quoque
853 944 920 1012 luit;
944 962 1011 1004 nam
1035 946 1160 1021 pecunia
1182 944 1261 1005 haud
1286 963 1395 1005 uereor
1416 963 1452 1004 nc
1472 946 1541 1022 quisi

174 1050 408 1128 §.resuspicetur
431 1047 553 1109 valuisse
575 1065 638 1114 me,
669 1063 734 1124 quae
756 1053 817 1104 tum
841 1047 997 1109 Germanis
1019 1045 1099 1106 nulla
1123 1055 1201 1128 crat:
1236 1048 1337 1125 itaque
1368 1048 1398 1107 io
1426 1064 1526 1105 somma

243 1169 342 1212 cortem
366 1159 453 1227 atque
477 1148 628 1208 bominum
651 1148 764 1225 inopia,
789 1149 894 1206 misera
919 1154 1063 1225 egestate,
1087 1148 1223 1208 desertus
1245 1148 1284 1208 ab
1307 1148 1462 1214 omndieis,
1483 1148 1525 1206 ira·

241 1252 357 1331 peditus
371 1251 512 1329 undique,
536 1260 633 1309 tamen
650 1249 686 1309 ad
710 1249 943 1326 recuperandam
966 1248 1130 1309 libertatem
1154 1251 1229 1309 riam
1252 1250 1326 1309 milii
1351 1250 1525 1314 commirairi,

241 1355 372 1432 citraque
395 1370 512 1413 emnem
536 1356 617 1411 extra
640 1368 741 1427 opem,
764 1368 852 1410 omne
875 1350 1076 1411 adiumentum
1100 1359 1129 1411 ct
1151 1352 1292 1411 auxilium
1309 1352 1369 1411 lioc
1386 1350 1450 1410 solo
1463 1369 1524 1428 pre

126 1491 137 1498 ·
241 1455 318 1516 ditus
340 1462 369 1515 ct
390 1453 527 1516 stid'ultus
549 1453 647 1513 animo
670 1473 685 1511 a
708 1454 820 1530 meipso
843 1470 945 1512 rerum
968 1453 1047 1512 initia
1072 1455 1175 1530 petivi,
1205 1465 1234 1513 et
1263 1452 1378 1513 bellum
1407 1463 1546 1513 extreman

240 1555 458 1636 periculosum,
487 1573 546 1615 non
570 1562 655 1616 antea
677 1560 822 1633 emptum,
852 1563 1055 1632 prosequutus
1073 1572 1154 1623 sum,
1184 1555 1236 1614 sed
1266 1554 1304 1614 ab
1328 1555 1466 1638 qmnibus
1485 1555 1525 1613 de

241 1665 390 1736 speratum
410 1664 438 1718 et
460 1676 476 1717 a
498 1656 726 1731 cogitationibus
749 1675 868 1734 quoque
890 1656 1042 1716 hominum
1067 1658 1123 1716 iam
1146 1657 1262 1735 pridem
1286 1656 1453 1735 relegatum
1467 1675 1526 1734 pre

243 1761 357 1827 vocari,
387 1778 434 1819 mc
457 1759 577 1836 dignum
601 1758 749 1817 arliitraus
771 1755 842 1817 nihil
865 1757 992 1817 fortunae
1014 1759 1158 1818 intentum
1181 1757 1360 1818 destinatam
1384 1759 1453 1819 mini
1474 1776 1526 1816 sor·
1546 1748 1549 1756 ’

174 1869 301 1923 §.retem
324 1861 459 1929 alacriter
480 1878 601 1920 morere
623 1861 831 1938 potiusquam
854 1865 1010 1937 expectare
1026 1858 1157 1919 sollicite.
1192 1860 1271 1925 ,Nam
1287 1859 1526 1936 ‹premadmoduu

133 1955 137 1961 ⁴
241 1962 404 2030 audivistis,
428 1961 505 2023 ultro
529 1960 638 2023 bellurn
661 1961 744 2022 intuli
767 1969 796 2022 et
818 1961 1011 2029 dentmciavi·‚
1035 1961 1170 2021 obstante
1193 1964 1358 2021 etiamnum
1380 1963 1555 2035 domesticete

241 2066 371 2142 Segestis
399 2072 425 2124 et
449 2064 607 2142 lgniomeri
638 2062 763 2140 pertidia·
788 2081 822 2122 ac
844 2063 936 2122 tratre
960 2062 1058 2122 Flavio
1081 2081 1188 2140 magua
1210 2064 1290 2142 apud
1315 2064 1418 2123 hostes
1438 2064 1465 2122 vi
1486 2061 1529 2122 ad·

242 2175 480 2235 versante-cum
504 2165 595 2225 milite
618 2167 713 2225 omnis
736 2163 896 2242 disciplinae
918 2165 1094 2240 ignaro-nco
1108 2163 1197 2224 ullius
1210 2165 1241 2224 in
1258 2164 1430 2224 re-militari
1444 2165 1531 2225 scien·

241 2269 302 2336 tire,
326 2285 475 2328 arenarum
499 2285 569 2326 vero
592 2265 693 2325 habdu
716 2284 792 2343 pene
816 2265 910 2324 inutili
933 2274 962 2326 ct
984 2275 1126 2344 apparatu
1149 2263 1218 2325 belli
1240 2266 1315 2324 adeo
1339 2285 1402 2325 uon
1430 2286 1531 2346 suppe-

242 2375 321 2457 tente
343 2376 435 2429 utne
458 2368 528 2427 terri
551 2367 669 2446 quidem
692 2366 732 2427 ad·
752 2366 878 2427 talorum
902 2366 1042 2427 lubricam
1063 2369 1135 2427 satis
1157 2375 1243 2428 esset.
1290 2376 1319 2427 at
1349 2368 1413 2429 lum
1442 2371 1531 2428 onmia

174 2471 331 2531 §.inanimi
352 2468 476 2529 oonsilio
498 2477 528 2529 et
555 2469 705 2529 alacritate
733 2471 848 2528 correxi
878 2476 907 2528 et
934 2470 1047 2529 sarriri.
1094 2487 1220 2547 eumque
1249 2479 1328 2529 esset
1356 2487 1532 2547 permagnus

241 2573 297 2631 mei
321 2577 522 2650 contemptus,
546 2572 575 2631 iu
599 2569 726 2630 hostium
751 2590 817 2631 eum
842 2569 1035 2630 calamitatem
1053 2572 1125 2630 verti
1141 2590 1175 2629 ae
1191 2576 1269 2629 tauta
1287 2570 1440 2632 celeritate
1456 2574 1532 2638 irrui,

242 2681 273 2734 ut
295 2676 378 2752 prius
399 2690 529 2751 pugnam
551 2674 754 2733 conseruerim
777 2690 864 2750 quam
883 2671 965 2731 nelle
993 2690 1135 2732 ausurum
1162 2691 1210 2731 mc
1239 2672 1378 2732 homines
1407 2674 1533 2734 eredide-

241 2777 316 2845 rint,
338 2784 406 2835 ante
429 2775 545 2834 eedem>
561 2774 680 2834 fecerim
703 2792 791 2851 quam
816 2773 933 2832 eonllati
955 2775 1103 2833 exereitus
1125 2772 1197 2832 sides
1221 2773 1324 2841 luerit;
1349 2792 1408 2834 nec
1428 2774 1535 2834 lerilsns

241 2897 310 2939 vero
334 2879 490 2938 momentis
505 2884 599 2936 tautae
621 2874 706 2934 molis
728 2876 816 2935 initia·
830 2876 998 2952 auspicatus
1020 2893 1101 2934 sum:
1125 2882 1185 2933 tres
1201 2875 1297 2951 primo
1313 2876 1413 2936 statim
1429 2879 1534 2955 impetu

226 2979 385 3058 legiones,
414 2978 495 3038 etin
518 2979 552 3036 iis
574 2978 723 3044 Martiam,
752 2995 819 3035 corn
842 2975 955 3036 auxiliis
983 2975 1121 3036 omnibus
1148 2976 1342 3036 iortimimum
1373 2981 1579 3039 exercitum

243 3090 272 3143 ct
293 3101 356 3159 quo
374 3099 435 3141 non
457 3079 531 3140 alius
554 3077 704 3156 disciplina
729 3079 821 3154 inagis
843 3096 878 3138 ac
901 3079 943 3138 rei
967 3077 1303 3156 ruilitarisexperieutia
1327 3078 1416 3158 vique
1437 3082 1535 3140 ctrir·

242 3188 304 3242 tute
319 3182 469 3243 Romanos
492 3183 567 3240 inter
590 3178 695 3239 militas
715 3167 787 3239 tunc
812 3178 939 3247 valebat,
962 3181 1120 3257 ipsumque
1142 3180 1228 3239 simul
1251 3181 1358 3240 ducem
1383 3189 1414 3241 et
1429 3181 1535 3260 legatos

173 3285 278 3348 §.ruod
300 3284 530 3344 internicionem·
547 3301 641 3360 usque
663 3281 757 3340 occidi
780 3285 809 3339 et
832 3280 934 3340 delevi.
979 3281 1045 3351 Quo
1068 3287 1202 3359 terripore
1225 3283 1253 3341 in
1278 3283 1367 3343 unius
1391 3303 1456 3343 mea
1472 3302 1534 3361 per·

241 3402 312 3444 sona
335 3386 436 3463 patriar
460 3383 644 3442 incolumitas
667 3383 809 3442 eoumitit:
839 3389 871 3442 ut
893 3383 992 3443 dicere
1015 3401 1073 3442 reon
1102 3382 1208 3442 debeat
1231 3384 1348 3460 Scipio,
1378 3394 1440 3445 tam
1468 3403 1534 3444 eon·

240 3492 401 3545 nonaum
423 3503 460 3544 so
477 3502 540 3543 rem
563 3483 725 3543 Romanam
749 3492 866 3560 tmnque
882 3485 1014 3544 accisam
1037 3492 1218 3544 restaurasse
1246 3503 1335 3563 quam
1364 3505 1425 3564 ego
1453 3489 1531 3565 peni·
1573 3526 1576 3527 ν

242 3595 289 3647 tus
310 3584 511 3662 proculcatam
540 3591 569 3643 et
598 3584 775 3664 discerptam
798 3585 881 3644 brevi
903 3586 1090 3646 Germaniam
1121 3587 1242 3645 restitui.
1289 3588 1466 3666 Quanquam
1494 3588 1534 3646 rei

170 3751 178 3756 ,
241 3689 333 3766 ipsius
355 3686 587 3765 magnitudinem
611 3705 669 3746 riou
693 3687 837 3765 estquod
861 3687 957 3747 uerbis
980 3706 1035 3765 ago
1063 3688 1179 3765 assequi
1208 3686 1358 3755 studeam,
1391 3691 1446 3766 ipsi
1475 3695 1533 3748 eot-

240 3789 309 3849 tidie
331 3788 384 3847 hic·
401 3794 516 3848 veteres
537 3786 661 3847 Romani
685 3787 846 3866 loquuntur
869 3789 941 3857 hoc,
966 3796 1083 3867 quantae
1099 3791 1140 3849 eis
1156 3789 1313 3849 calamitati
1330 3792 1438 3850 luerim
1454 3800 1531 3854 tuuc,

158 3915 164 3927 ·
241 3908 329 3969 quam
352 3890 459 3950 misere
481 3890 711 3967 potentissimam
728 3892 886 3958 civitatem,
911 3892 1067 3968 imperium
1082 3891 1323 3950 florentissimum
1341 3892 1531 3958 conluderim

242 4000 271 4054 et
299 3991 376 4071 quod
406 4009 465 4051 uon
494 3984 566 4050 alius
595 3994 688 4068 magis
716 3991 780 4052 illos
807 4010 908 4052 rerum
937 3992 1071 4051 dominos
1102 4000 1280 4070 gentemque
1300 4001 1432 4070 togatam
1455 3999 1531 4052 metu

173 4102 271 4179 eruet
294 4094 488 4172 trepidatione
510 4094 749 4153 consternavcrit.
796 4094 881 4153 ferto
905 4095 981 4153 enim
1005 4095 1082 4171 quod
1106 4101 1137 4153 tu
1167 4112 1226 4152 rmn
1256 4095 1396 4161 effecisti,
1426 4095 1531 4154 Hanni·

241 4193 304 4263 hal,
328 4195 363 4255 ad
387 4195 470 4255 urliis
492 4212 586 4274 usque
603 4190 709 4273 portas
731 4195 920 4273 obequitans,
951 4211 1006 4271 ego
1030 4196 1058 4254 in
1082 4194 1182 4255 ultima
1206 4197 1390 4255 constitutus
1413 4197 1533 4255 Germa·

241 4297 302 4364 nia,
331 4302 414 4356 tauto
437 4296 605 4365 interuallo,
635 4304 678 4356 tot
700 4295 806 4356 mediis
826 4295 999 4354 lluudoilius
1018 4315 1052 4355 aei
1082 4295 1252 4373 paludibus,
1284 4304 1328 4356 tot
1355 4296 1533 4374 interpositis

241 4396 390 4458 ruentibus
426 4415 461 4457 ac
494 4397 566 4460 loeis
599 4397 680 4459 nullo
711 4397 781 4458 dum
809 4397 914 4457 itinere
947 4396 1100 4457 hominum
1128 4395 1289 4474 'exploratis
1317 4405 1368 4457 aut
1400 4398 1529 4476 oogmtis,

308 4595 316 4628 ¹
337 4601 409 4647 euim
427 4602 496 4649 araia.
511 4604 551 4649 11.
605 4578 777 4664 ¹⁶⁰lngui0m.
792 4603 815 4650 6.
830 4607 854 4650 et
872 4617 928 4666 sqq.
943 4603 983 4650 tt,
996 4599 1071 4664 udiq..
1090 4603 1121 4648 ut
1137 4599 1196 4648 Tae.
1211 4579 1303 4648 deberit
1322 4601 1383 4651 edd.
1452 4597 1473 4630 ²⁸
1491 4598 1528 4647 in·

241 4681 419 4731 teruitionem
438 4686 460 4732 1.
474 4690 500 4732 et
511 4700 534 4735 c.
549 4685 765 4735 internecionem
783 4701 850 4735 reor.
864 4687 923 4737 edd.
959 4682 981 4714 ·'²
999 4684 1122 4748 quotidie
1141 4684 1207 4735 erud.
1242 4682 1265 4714 ⁸⁵
1278 4681 1526 4748 Vergoanum
