3210 5416
246 364 319 434 560
550 443 556 451 Ἰ
684 391 801 426 uranon!
823 391 1094 426 PSEVDOMVTTMMICI.

308 548 525 624 Pasquillus.
561 549 696 605 Preterea
719 550 791 623 qnod
814 548 940 623 precihus
962 556 1101 622 nequeunt
1124 547 1246 610 edicere,
1277 547 1302 603 id
1326 548 1413 622 copiis
1434 549 1512 603 instro

245 637 296 692 etis
312 654 349 691 ac
371 634 504 691 bellorum
530 634 668 706 tragoediis
691 634 849 690 moliuntur.
1505 652 1510 663 ·

310 721 447 776 Monrus.
486 719 584 774 Natura
607 736 637 773 ea
661 719 814 779 Gallorum.
848 729 878 774 ut
901 718 962 792 plus
985 717 1067 772 veiint
1089 734 1169 791 quarn
1192 718 1315 790 possint.
1351 726 1378 772 et
1406 734 1458 790 quo
1479 733 1524 770 am

245 805 317 880 plius
340 813 500 864 senescunt,
524 802 575 858 hoc
597 804 684 876 inagis
707 804 858 876 desipiunt;
882 820 1020 878 pugnaees
1043 803 1164 875 quidem,
1188 803 1234 857 sed
1259 801 1418 857 iiniirciMes.

310 888 523 962 Pasquilius.
560 886 652 960 Neque
675 888 701 942 id
723 887 865 943 admodum
889 887 977 962 piacet
1000 885 1174 961 plebeculae:
1208 904 1264 942 uno
1293 886 1401 959 agmine
1430 894 1542 940 retortos

248 983 312 1048 post
335 982 442 1046 tergum
464 971 550 1033 coilo.
585 972 625 1027 uti
653 972 718 1028 oiim
741 973 768 1027 in
791 972 945 1034 sacrificiis,
978 970 1177 1027 sacrificaturus
1207 989 1236 1026 se
1265 970 1355 1044 gallos
1378 988 1455 1045 quani
1477 988 1529 1024 san·

246 1059 371 1115 ctissime
388 1058 552 1113 deierarunt.

179 1149 239 1198 §.tt
312 1143 445 1198 Momus.
483 1141 661 1202 Crediderim.
685 1142 708 1195 si
732 1140 840 1198 biennio
863 1150 968 1197 tautum
991 1157 1077 1214 regno
1099 1140 1237 1214 potiatur.
1265 1138 1528 1212 deindedeglnliarit

247 1228 395 1300 pauperes.
428 1244 459 1282 ao
481 1226 618 1282 aunuatim
641 1225 780 1281 maximam
804 1226 964 1299 pensionem
992 1225 1114 1299 pecuniae
1142 1225 1305 1295 extorserit.
1342 1241 1397 1279 non
1425 1224 1528 1279 inuitum

247 1309 391 1367 molestum
414 1311 474 1367 iore
495 1327 557 1365 cum
579 1310 734 1366 Germanis:
769 1327 866 1365 numus
889 1311 988 1382 qurerit
1009 1319 1037 1365 et
1058 1308 1180 1366 delitias:
1214 1318 1258 1365 est
1287 1309 1361 1366 enim
1392 1308 1453 1364 huic
1481 1308 1552 1363 anit·

247 1395 330 1450 inanti
352 1404 447 1451 uenter
469 1394 579 1450 mirifice
602 1394 720 1456 calidus.
756 1395 792 1450 ita
815 1403 845 1450 ut
868 1396 956 1450 onmia
980 1395 1071 1449 statim
1093 1402 1263 1468 concoquat,
1297 1394 1413 1449 maxime
1444 1410 1529 1465 argen-

249 1477 345 1534 tulum.
382 1480 429 1536 sed
451 1489 479 1535 et
501 1478 603 1536 saiaces
626 1497 735 1553 qnoque
758 1488 836 1535 sunt:
867 1480 941 1535 nosti
964 1480 1028 1552 qnid
1051 1478 1139 1534 veiim.
1199 1519 1203 1523 -

180 1570 240 1622 §.nt
312 1563 504 1639 Menippus.
542 1563 680 1620 Faciamus
696 1564 754 1620 lime
770 1565 821 1620 iam
837 1564 928 1619 missa.
964 1564 1008 1619 die
1023 1562 1285 1636 nobis‚PasquiMe.
1303 1566 1434 1635 quianam
1446 1570 1530 1616 atrata

249 1647 302 1703 illm
325 1648 485 1711 corniculae.
509 1666 570 1723 quae
593 1648 692 1721 passim
716 1648 834 1705 obducto
856 1647 1049 1704 banioeucuiid
1071 1649 1160 1721 capite
1182 1665 1211 1703 se
1234 1647 1314 1702 nobis
1338 1648 1404 1702 dant
1426 1646 1529 1705 odviam.

248 1733 347 1806 stipem
369 1734 420 1790 sibi
442 1740 623 1807 congerentes
643 1731 859 1789 domesticatim?
1085 1738 1087 1742 ’
1539 1738 1553 1775 ¹⁵

309 1818 521 1893 Pasquillus.
558 1816 668 1874 Fratres
690 1817 808 1882 arvales,
839 1835 924 1893 penes
953 1835 1023 1892 quos
1051 1817 1124 1874 illius
1147 1818 1238 1890 gentis
1262 1833 1370 1873 summa
1398 1814 1531 1888 religionis

247 1910 346 1958 manet.

310 1987 499 2063 Menippus.
536 1986 676 2044 Somnium
699 1987 763 2043 mihi
786 2004 890 2054 narras.

309 2072 522 2146 Pasquillns.
560 2066 762 2129 Memveram.‘
918 2122 952 2149 ,Ι

312 2156 500 2231 Menippus.
537 2156 606 2224 Quid
629 2157 714 2230 igitur
735 2165 878 2231 tantopere
900 2166 1060 2213 execrantur
1082 2176 1097 2212 a
1119 2155 1226 2231 piaebe?
1537 2160 1554 2199 ὃ

178 2257 241 2306 Μή.
312 2240 522 2315 PasqniMus.
560 2241 599 2297 Ob
622 2259 701 2298 unam
724 2241 949 2298 obtrectationem
972 2259 1002 2298 ae
1025 2240 1282 2315 pestilentissimanr'
1297 2240 1434 2313 linguam:
1458 2256 1530 2313 quum

247 2325 318 2381 enim
341 2326 407 2381 nihii
432 2326 483 2401 ipsi
505 2334 587 2399 agant
609 2326 682 2399 frugi
705 2343 793 2401 neque
816 2325 923 2400 publice
945 2343 1035 2400 neque
1057 2327 1174 2400 private.
1198 2325 1286 2380 bonos
1302 2325 1529 2398 uirospiurimun

247 2411 388 2472 adamnani,
411 2411 491 2472 adeo,
516 2419 546 2466 ut
569 2411 712 2467 internos
734 2411 879 2486 primatum
904 2418 994 2467 teneat
1017 2412 1063 2485 qui
1086 2411 1121 2465 sit
1145 2409 1392 2470 insolentissimus,
1407 2401 1529 2483 'optimus

247 2495 293 2567 qui
316 2494 348 2549 ad
371 2494 576 2551 obtrectandum
599 2495 801 2552 audacissimus.
840 2496 891 2552 hoc
912 2513 999 2569 genus
1021 2503 1085 2551 sunt
1105 2494 1184 2550 nobis
1205 2495 1223 2549 ii
1243 2494 1378 2568 pecudes,
1405 2494 1528 2567 Menippo.

311 2578 501 2654 Menippus.
538 2580 608 2637 Bene
630 2588 688 2643 est:
709 2579 809 2654 cavebo
831 2580 896 2635 mihi
919 2580 952 2636 ab
975 2581 1040 2636 iisce
1061 2578 1216 2636 melanuris.
1534 2580 1552 2620 ὓ

179 2679 238 2729 §.te
311 2664 524 2737 Pasquiilus.
562 2665 615 2720 lam
638 2665 696 2720 dies
719 2665 829 2726 occidit.
852 2674 972 2739 emptum
994 2681 1212 2721 consummemus
1241 2665 1307 2726 iter:
1338 2661 1444 2737 reliqua
1467 2662 1528 2716 inter

247 2747 435 2805 ambulandum
457 2749 713 2812 commentabimur,
737 2767 791 2824 quo
813 2749 911 2806 melius
934 2749 1071 2807 fastidium
1095 2748 1231 2804 devemus?

309 2832 499 2907 Menippus.
538 2833 600 2890 Vaie
622 2834 723 2896 Mome.
746 2842 828 2908 atque
851 2834 895 2890 hie
916 2852 1005 2890 meum
1030 2833 1182 2908 prestolare
1205 2835 1362 2889 adrentum.

310 2918 443 2974 Momus.
481 2919 513 2974 Et
536 2927 565 2974 tu
589 2936 696 2993 quoque
718 2918 895 2975 celeriuseuie
918 2919 1033 2976 reditum
1056 2927 1170 2975 matura.

308 3001 525 3077 Pasquiilus.
564 3001 673 3065 Maleto.
697 3003 798 3065 Mome,
822 3004 982 3060 erc-modum
1005 3002 1101 3058 adhibe
1114 3012 1247 3059 'eeusurae
1272 3019 1354 3076 quem
1377 3002 1439 3058 disi.
1483 3005 1486 3011 '
1529 2999 1548 3037 ³⁸

309 3087 334 3141 M
342 3105 444 3144 omns.
482 3088 586 3145 Faciam
610 3096 641 3144 ut
663 3088 754 3152 iuhes3
777 3106 824 3146 vos
847 3106 957 3162 quoque
979 3087 1074 3145 valete.

246 3275 432 3333 conparantur
446 3271 518 3320 iuter
530 3285 559 3320 se
579 3271 674 3320 addito
686 3271 831 3335 proverbio
844 3262 987 3328 Maiumaroc
1005 3261 1109 3334 ἐλέφας
1125 3259 1214 3326 Ἰνδὸς
1232 3258 1285 3318 oria
1303 3259 1433 3333 ἀλεγίζει.
1462 3267 1521 3328 Apo·

245 3356 303 3402 stot.
317 3355 350 3403 X.
364 3353 405 3403 37.
466 3352 540 3415 ¹⁴„ct
556 3353 630 3404 ltetae
648 3355 769 3422 pecudes
788 3359 816 3404 et
834 3360 951 3404 ovantes
969 3359 1081 3418 gutture
1100 3354 1203 3403 corvi.'‘
1221 3353 1328 3418 Vergil.
1343 3353 1411 3402 Geo.
1425 3352 1445 3400 1.
1458 3348 1507 3398 423.

736 3625 1039 3636 Ἣ.-
