3232 5422
273 351 347 423 398
517 366 566 415 xl.
637 380 797 414 rasponus.
867 379 1006 415 nianoovs
1026 380 1212 416 uvrruiucvu.
1232 366 1318 429 (tato.)

272 542 435 601 eramenta:
464 552 533 594 nam
560 551 659 594 sermo
681 533 744 602 del,
774 540 806 594 ut
827 531 936 594 Paulus
957 535 1058 605 docet,
1086 533 1197 611 alligari
1220 553 1280 594 nou
1303 536 1442 601 sustinet,
1469 549 1540 609 noque

272 635 401 697 solvetur
432 653 561 715 unquam
590 636 665 705 Lex,
700 642 855 696 attestante
877 634 1007 706 Christo,
1036 654 1073 697 uo
1102 643 1171 697 tuno
1200 636 1319 715 quidem
1349 654 1418 696 euru
1444 635 1543 696 abibunt

272 737 394 805 omium,
418 743 496 797 terra
522 744 673 798 atrorum
696 722 836 815 quioquid
859 744 912 798 ost.

270 836 461 924 mabil
526 858 703 900 macaron.
742 839 834 917 lgitur
862 855 921 898 non
950 840 992 897 ris
1019 857 1084 899 osse
1112 837 1373 918 unamaliquam,
1403 840 1485 900 ouius
1503 855 1545 897 ua·

271 943 348 1001 xima
370 942 409 999 sit
430 939 477 999 bio
500 943 646 1017 potestas?
1552 948 1560 986 δ

335 1060 508 1103 nvrrusva.
546 1041 643 1102 Caesar
659 1048 717 1110 ost,
734 1049 764 1102 at
778 1042 881 1102 mundi
895 1042 1062 1119 Principes,
1080 1041 1187 1124 quibus
1202 1043 1371 1120 parandum
1386 1050 1445 1109 est,
1468 1058 1547 1101 exau·

272 1144 320 1223 plo
336 1144 442 1205 Christi
465 1150 494 1202 et
509 1140 715 1221 Apostolorum
738 1143 880 1204 doctrina.
918 1145 995 1204 inter
1016 1145 1171 1222 episcopos
1186 1162 1257 1204 vero
1272 1152 1303 1204 et
1316 1142 1486 1222 spirituales
1500 1145 1551 1202 istos

272 1247 418 1307 neminem
442 1262 506 1304 esso
528 1242 619 1304 voluit
634 1243 781 1314 Christus,
804 1246 855 1322 qui
868 1246 1036 1322 ‘imperarat
1057 1244 1188 1314 aliis,at
1210 1263 1281 1305 varo
1304 1246 1356 1322 qui
1380 1247 1551 1310 ministraret

173 1386 181 1398 ι
272 1365 337 1409 asso
360 1346 449 1408 voluit
471 1347 614 1425 optimum
637 1363 794 1435 memque.

204 1469 272 1519 §.ian
336 1468 512 1511 macaron.
550 1447 586 1507 Et
606 1455 707 1508 tamen
729 1446 795 1525 plus
816 1448 904 1508 Petro
926 1447 1007 1509 (ladit
1028 1465 1116 1524 quam
1138 1446 1210 1507 aliis.
1562 1449 1589 1493 ¹⁰

273 1543 471 1630 {iffisstfiflffll
528 1568 702 1610 uvrrnuvs.
734 1549 806 1621 Ouia
829 1548 896 1628 plus
918 1549 1018 1609 dilexit
1040 1548 1120 1610 illum
1143 1549 1248 1609 Petrus
1270 1567 1361 1627 quam
1384 1546 1450 1617 alii;
1473 1551 1556 1624 itaque

274 1652 437 1712 rlilootionls
460 1649 688 1719 aemulationem,
718 1668 777 1709 uon
805 1650 926 1711 honoris
953 1651 1142 1712 ambitionem
1173 1658 1223 1710 aut
1250 1650 1396 1727 regnandi
1425 1650 1555 1730 cupidita·

275 1762 332 1814 tam
356 1753 468 1814 induxit
491 1750 555 1815 illisi
579 1771 595 1811 a
618 1770 677 1830 quo
699 1752 847 1812 diuersum
870 1760 1034 1829 sequuntur
1055 1754 1126 1830 ipsi,
1156 1759 1185 1812 at
1212 1770 1268 1830 pro
1291 1751 1399 1829 opibus
1422 1738 1457 1812 ao
1479 1754 1558 1828 impe·

205 1877 272 1925 aua.
285 1859 328 1917 rio
358 1863 435 1915 tarra
464 1855 612 1932 marique,
641 1855 721 1914 torro
749 1861 778 1913 ot
805 1853 864 1930 igni
892 1861 951 1915 tota
980 1856 1035 1915 vita
1063 1855 1282 1931 degrassantur.
1328 1853 1385 1912 llic>
1404 1853 1479 1913 mibi
1500 1868 1559 1912 raro

272 1956 389 2043 Emi&
411 1968 417 2036 Ι
441 1956 595 2034 imperium
618 1957 712 2016 tonuit
734 1958 810 2016 inter
833 1954 1017 2033 coapostolos
1039 1955 1162 2015 Petrus?
1568 1965 1610 2003 ¹⁵·

337 2079 513 2120 unncarou.
552 2057 602 2117 lsti
624 2058 752 2118 tonuisse
775 2057 892 2125 dicunt,
915 2059 939 2116 sl
962 2065 1042 2117 racto
1064 2058 1194 2125 memini,
1217 2063 1305 2134 atquo
1328 2056 1421 2133 igitur
1443 2073 1476 2116 so
1498 2072 1561 2131 quo·

273 2178 331 2239 que
354 2160 430 2229 bene
452 2167 554 2219 tenero
575 2158 765 2219 arbitrantur.

335 2280 508 2323 nummus.
546 2261 697 2339 Scriptura
724 2246 828 2336 nogat:
862 2278 930 2320 nam
953 2268 981 2328 ot
1003 2261 1077 2320 mitti
1100 2259 1136 2321 ab
1159 2257 1221 2327 aliis
1244 2260 1397 2326 sustinuit,
1423 2267 1454 2319 et
1476 2258 1561 2318 conoi-

275 2362 315 2424 lio
337 2365 448 2442 paruit,
472 2380 506 2420 ao
529 2362 728 2441 reprehensus
750 2379 766 2421 a
789 2360 880 2421 Paulo
903 2362 992 2421 cessit
1014 2368 1042 2420 et
1063 2361 1215 2439 ae'qualiter
1237 2360 1297 2438 agit
1320 2378 1388 2420 oum
1414 2359 1562 2420 fratribus:

274 2473 319 2525 eat
339 2464 396 2524 boo
418 2471 519 2525 tenere
542 2463 716 2541 imperium?
1568 2473 1590 2512 ²⁰

338 2585 514 2627 macaron.
539 2564 601 2624 lloo
613 2564 731 2641 qnidam
744 2581 803 2624 non
816 2571 869 2624 ost.
892 2583 994 2626 vorum
1014 2565 1057 2625 las
1068 2572 1112 2626 ast
1126 2566 1189 2625 siue
1204 2565 1300 2642 capite
1316 2581 1383 2624 esse
1398 2562 1565 2624 ecclesiam?

205 2665 408 2754 §.tar.„⁸‚⁰ss¹.l?⁵⁸⁰t
473 2685 645 2756 nvrruuvs.
683 2666 748 2726 Non
771 2672 830 2736 est,
860 2673 947 2743 atque
969 2667 1058 2745 igitur
1088 2673 1176 2744 caput
1203 2665 1308 2735 babet,
1338 2665 1420 2742 quod
1445 2673 1489 2725 ost
1509 2666 1565 2742 ipse

272 2770 414 2832 Christus

336 2891 512 2934 macaron.
550 2870 622 2929 Esse
637 2866 717 2929 buno
732 2869 810 2931 baud
825 2877 948 2948 negant,
972 2888 1075 2931 vorum
1089 2871 1242 2947 superius,
1267 2871 1295 2928 in
1313 2866 1412 2936 eolis,
1435 2875 1471 2928 >ut
1484 2884 1565 2946 opor·

271 2982 331 3036 teat
352 2973 447 3034 adbuc
470 2973 608 3032 vicarium
631 2970 709 3032 aliud
732 2974 760 3031 in
783 2974 870 3032 terris
892 2981 980 3049 caput
1002 2990 1075 3033 esse.
1572 2982 1593 3021 ²³

336 3094 510 3138 unruuuvs.
548 3073 611 3136 Non
633 3080 772 3151 oportet:
807 3091 875 3134 nam
904 3092 963 3151 quo
996 3074 1068 3134 mibi
1102 3073 1248 3151 bicipitem
1285 3072 1363 3132 banc
1397 3070 1565 3135 ecclesiam?

272 3175 431 3263 ξξρᾞςῶξξὲ·
454 3187 461 3257 Ι
484 3192 582 3236 nonno
605 3177 691 3235 etiam
715 3177 744 3235 iu
766 3176 854 3235 terris
869 3174 1022 3235 nobiscum
1039 3175 1171 3236 Christus
1193 3182 1251 3243 ost,
1277 3175 1392 3250 uritque
1416 3180 1565 3253 perpetuo,

272 3277 418 3359 pollicitus
440 3277 508 3337 olim
531 3295 682 3354 nunquam
705 3277 774 3336 hino
796 3277 994 3339 discessurum
1018 3278 1067 3337 sol

336 3398 512 3441 unnuaron.
549 3379 676 3442 Memini.
885 3380 889 3387 ’

335 3500 509 3543 uvrrnuvs.
547 3480 700 3551 Quantum
723 3481 807 3542 abest
834 3482 936 3558 igitur,
966 3489 999 3542 ut
1021 3499 1103 3541 suam
1126 3480 1218 3541 vicem
1241 3479 1406 3539 committat
1428 3477 1492 3545 alii,
1519 3475 1610 3554 quio<

190 3657 192 3662 Ι
273 3581 334 3642 vult
362 3583 424 3660 ipse
448 3584 612 3643 samtineral
641 3582 724 3652 Quod
746 3584 778 3641 vsl
805 3581 917 3642 laceret
944 3583 1045 3650 otiam,
1076 3589 1173 3642 tamon
1202 3581 1352 3659 paccatorl
1375 3580 1489 3640 bomini
1511 3594 1564 3636 non

174 3691 180 3703 ‘
272 3686 455 3762 permitteret
477 3684 557 3761 quod
579 3686 626 3746 isti
648 3685 702 3744 sibi
724 3690 880 3760 arrogant.
910 3690 943 3743 ut
970 3683 1154 3760 dispensaret
1182 3683 1259 3750 baeo,
1290 3681 1402 3758 quippo
1431 3683 1482 3758 qni
1504 3684 1566 3756 post

273 3784 435 3862 {tigillipoltssj
451 3805 457 3873 p
480 3786 635 3863 repetitam
650 3786 783 3847 Caritatis
797 3785 1012 3846 contessionem
1028 3783 1110 3845 illurn
1126 3783 1244 3844 tandem
1266 3789 1417 3861 pastorem
1432 3780 1565 3841 institnit:

204 3888 433 3968 tiro.qunnrorlo
455 3889 543 3966 igitur
565 3889 627 3958 siat,
656 3895 690 3949 ut
717 3890 745 3948 iu
774 3906 834 3965 quo
862 3888 936 3947 daus
963 3887 1025 3964 ipse
1053 3884 1198 3953 dolentum
1228 3884 1346 3951 babuit,
1376 3880 1436 3941 boo
1459 3879 1564 3941 bomini

273 3991 362 4052 lutmo
384 3991 456 4051 oltra
479 3989 617 4051 iudicium
640 4008 694 4067 par
716 4004 821 4051 manus
843 3987 956 4049 tradat?
1053 4025 1054 4028 =
1573 3988 1610 4031 Ε

335 4112 513 4153 uunonroa.
551 4090 612 4152 lam
634 4090 763 4168 intelligo
786 4091 851 4151 lieri
872 4107 932 4150 uou
955 4107 1051 4168 posse.

334 4212 506 4256 rnrruuvs.
545 4193 638 4254 Etiam
660 4193 717 4253 boo
739 4193 827 4270 igitur
849 4208 936 4270 possa
957 4207 1048 4267 noga,
1073 4188 1152 4268 quoil
1175 4186 1215 4248 illl
1238 4186 1288 4246 dat
1310 4203 1364 4246 sua
1387 4187 1485 4254 curia,
1509 4199 1563 4242 uon

270 4292 459 4370 {gagffigsslgffl
474 4293 482 4361 Ι
497 4311 598 4354 errare
611 4294 803 4371 pontificem,
827 4293 968 4371 quioquid
990 4293 1089 4361 iaciat,
1113 4292 1194 4355 tlioat'
1212 4297 1263 4351 aut
1285 4293 1410 4353 statuat:
1435 4304 1503 4347 oum
1525 4292 1563 4343 ta·

337 4511 344 4545 ¹
364 4510 455 4577 Pani]
476 4512 510 4561 ll.
525 4528 569 4576 ap.
584 4513 618 4562 ad
630 4513 749 4563 Timotb.
764 4514 801 4567 11.
815 4511 840 4562 ll.
894 4511 905 4543 ²
922 4513 981 4561 box
993 4515 1045 4560 att.
1060 4515 1083 4560 l.
1126 4507 1239 4575 Christ]
1260 4510 1297 4560 cl.
1310 4507 1410 4559 Marta.
1425 4507 1457 4555 V.
1474 4504 1511 4554 li.
1523 4518 1560 4566 sq.

269 4593 290 4627 ¹⁶
308 4595 539 4661 canapoatotosa.
576 4594 637 4640 ¹⁸⁸t·
654 4592 1230 4661 ct.actap.xv.tt.Paul.adGat.11.1t.
1266 4591 1289 4625 ἥ
1306 4586 1558 4656 Paul.ap.a‹lpr-

270 4677 595 4743 v.23.ep.1.a‹tcot.1.
613 4679 650 4729 18.
674 4722 677 4726 ,
701 4678 914 4730 ’θἸοιιηιι.ΧΙΙ.
928 4679 969 4729 34.
1024 4678 1046 4710 ²²
1065 4679 1110 4743 qui
1128 4673 1187 4741 bam]
1206 4676 1455 4730 criminati.
1470 4672 1555 4733 lli-sq·
