3262 5430
317 399 381 448 ΗΠ.
451 399 589 451 sonorus.
626 416 765 465 orspoovs
785 418 970 456 uvrrcurcvs.
990 404 1074 469 (1⁵19.)

575 569 701 650 -btultos
723 573 834 633 alterna
856 566 985 634 revisens

318 669 398 731 Lusit
422 679 451 731 et
473 672 502 730 in
525 672 620 732 solido
642 689 760 734 rursum
783 675 912 736 Fortuna
936 675 1049 736 locavit.

104 789 263 831 reuersa.
301 771 336 831 Et
359 772 570 833 Demosthenes
592 779 680 852 quam
703 777 816 837 monuit
837 784 918 838 recte
940 777 1074 838 beatulos
1095 777 1177 849 illos,
1200 780 1223 839 si
1246 783 1341 842 moni·

54 866 153 929 tionem
176 873 360 950 acciperent,
383 873 507 935 feliciter
528 893 631 954 agere:
655 877 754 938 Simile
777 884 834 948 est,
857 881 966 959 iuquit,
990 881 1087 959 ci'qui
1111 881 1251 960 optimam
1273 883 1339 961 pos·

35 969 120 1031 ssuu
142 973 281 1043 domum,
305 975 369 1054 quae
391 975 427 1035 ad
450 996 603 1056 vesperam
624 985 738 1039 tantum
761 980 856 1041 duret.

105 1095 282 1136 sumnus.
320 1077 356 1136 Et
378 1076 421 1137 illi·
438 1085 468 1138 te
490 1079 568 1157 epud
591 1079 713 1160 Scythas
736 1083 881 1160 sapientes
904 1091 991 1162 quam
1014 1082 1090 1145 bene
1113 1088 1274 1154 noverunt,
1298 1085 1409 1147 to-rm.

55 1167 157 1236 bricam
186 1185 275 1256 atque
298 1179 384 1238 etiem
407 1179 512 1240 alatam
534 1182 704 1260 pingentes,
727 1184 806 1270 qued
829 1185 972 1244 contineri
994 1204 1052 1245 non
1074 1188 1171 1266 possis
1194 1191 1223 1246 et
1245 1186 1341 1248 elaba-

52 1273 83 1333 u's
105 1287 273 1349 momento;
297 1284 463 1360 quanquam
483 1283 548 1344 sine
569 1283 695 1363 pedibus
717 1285 795 1364 quod
819 1303 884 1346 esse
905 1286 1043 1347 dixcnmt
1064 1288 1151 1348 iidem
1167 1285 1216 1357 iili,
1240 1290 1269 1348 in
1286 1288 1342 1349 boe

46 1370 106 1438 lotsi
136 1388 220 1449 sunt,
255 1382 346 1443 babes
375 1385 451 1443 enirn
480 1393 513 1446 ut
539 1385 623 1446 video
650 1386 751 1464 pedes.
787 1387 838 1448 scd
862 1389 909 1449 cui
931 1389 1057 1449 insistis?
1089 1389 1204 1451 cuidam
1233 1393 1263 1450 ni
1290 1390 1342 1451 lal-

40 1468 88 1537 lor
112 1480 222 1560 globo?

105 1605 263 1648 sonuum.
301 1587 386 1648 Nunc
408 1588 526 1650 demum
549 1590 629 1650 vides
642 1590 727 1652 'buci
1350 1594 1410 1653 §.ou

104 1707 284 1749 uvrunnrs.
322 1688 407 1751 Nunc
428 1691 557 1752 demum.
895 1704 898 1710 “
976 1707 979 1710 ’

103 1809 263 1850 sonorus.
301 1789 349 1851 Sic
371 1793 470 1852 statuit
493 1810 528 1854 ex
551 1794 672 1856 Graeciae
694 1794 876 1873 sapientibus
898 1794 1025 1874 quidam.

101 1911 283 1952 numanus.
320 1891 451 1962 Memini,
480 1901 509 1954 et
536 1912 606 1955 vero
635 1894 726 1974 Apelli
749 1896 897 1976 quomodo
920 1892 1048 1957 venitin
1070 1903 1198 1957 mentem
1221 1905 1254 1957 ut
1275 1916 1343 1976 per·

35 1999 132 2053 *etue
154 1993 307 2053 sedentem
330 2000 359 2055 te
381 1995 533 2074 pingeret?

35 2150 249 2172 X—.—

101 2263 114 2295 ²
136 2263 238 2330 solido]
258 2264 328 2315 solio
347 2268 405 2317 edd.
458 2264 469 2296 ³
487 2267 682 2320 Demosthenis
696 2267 742 2330 (de
757 2284 813 2318 cor.
826 2268 988 2331 76.)‚locuu1
1003 2267 1343 2335 exetob.s‘torst.‚0111.·

35 2344 67 2397 4.
92 2365 204 2414 parum
227 2354 304 2399 recte
328 2351 512 2418 interpretata
535 2357 579 2401 est
596 2353 719 2401 Fortuna
737 2353 902 2403 Hutteuica:
924 2341 994 2418 Ἐγώ
1019 2346 1062 2416 δέ,
1087 2342 1163 2412 ὅστις
1185 2342 1345 2418 ἄνθρωπος

35 2420 64 2482 ’ν
85 2425 251 2499 drepente
269 2426 359 2500 τύχην
376 2429 529 2500 προφέρει,
549 2435 694 2495 παντελῶς
712 2427 837 2503 νῖνόηνον
855 2428 989 2503 ἡγοῦμαι.
1009 2429 1045 2511 ἢν
1063 2429 1117 2502 peip
1135 2428 1198 2488 ὁτά
1212 2431 1341 2505 βέλτιστα

35 2515 181 2584 pineto
200 2517 323 2584 νομίζων
340 2517 390 2570 καὶ
408 2511 530 2585 ἀρίστην
548 2512 624 2585 ἔχείν
642 2512 774 2586 οἰόμενος
793 2512 845 2573 οὖν
864 2515 946 2572 οἶδεν
965 2516 993 2572 εἰ
1008 2514 1126 2586 τοιαύτη
1146 2514 1275 2588 διωμὲνει
1293 2515 1339 2588 με’-

35 2619 68 2666 pc
91 2602 156 2669 τῆς
176 2592 314 2668 ἑσπέρας,
333 2603 392 2663 πῶς
407 2598 464 2671 ’χρὴ
482 2601 548 2670 περὶ
566 2599 671 2671 ταύτης
690 2599 782 2670 λέγειν
800 2594 820 2672 ἢ
836 2605 896 2665 πῶς
913 2596 1067 2668 ὀνειδίζειν
1085 2596 1185 2672 ἕτέρῳς
1204 2607 1341 2672 Equidem

35 2705 76 2756 go
101 2688 257 2754 quisquis,
281 2688 439 2740 homocum
457 2691 507 2751 sit,
531 2691 636 2742 homini
658 2692 797 2741 fortunam
819 2691 958 2752 obiectat,
984 2692 1045 2741 siue
1068 2693 1176 2741 ratione
1201 2705 1262 2740 eum
1281 2705 1343 2741 esso

35 2790 112 2825 uoo.
146 2788 216 2822 nam
236 2788 296 2829 curu
315 2775 362 2837 qui
384 2774 547 2824 felicissime
571 2791 654 2840 agere
680 2776 866 2842 optimamque
888 2792 918 2826 se
941 2775 1045 2826 habere
1069 2774 1230 2838 (fortunam)
1254 2780 1343 2840 putot,

35 2864 166 2910 rcertus
186 2857 226 2906 sit
244 2872 279 2906 un
297 2857 362 2907 talis
379 2864 491 2908 maneat
508 2874 595 2926 usque
615 2859 650 2909 ad
668 2875 822 2924 vesperam,
843 2860 890 2923 qui
908 2861 1037 2928 convenit
1055 2860 1088 2909 de
1103 2875 1136 2911 ea
1148 2859 1235 2910 verba
1248 2860 1343 2910 fucere

35 2940 181 3005 floriaci)
197 2945 245 2989 aut
257 2931 420 3006 exprobrare
434 2942 533 2992 alteri?
573 2939 679 3007 ’ΜΗ
692 2943 736 2992 Cf.
751 2943 829 3008 impr.
843 2931 983 3010 Plutarch.
998 2944 1031 2993 de
1045 2944 1156 2993 fortuna
1168 2930 1352 3007 Rompstu'

35 3045 83 3095 qq.
103 3024 170 3088 (ed.
186 3024 282 3074 Reisk.
296 3026 356 3075 vn.
370 3042 395 3090 p.
409 3026 468 3076 254.
481 3026 551 3092 sqq.)
600 3025 620 3059 ¹⁰
632 3024 724 3092 globo]
739 3026 783 3076 Cf.
797 3043 881 3094 supro
893 3028 916 3090 5.
933 3026 972 3076 17.
1020 3029 1044 3088 ξ.
1056 3024 1110 3092 es]
1124 3026 1343 3090 Aesticampiani

35 3129 103 3166 ers.
123 3109 248 3161 Cebetis
261 3109 330 3172 (lud.
345 3110 472 3176 bibliogr.
486 3128 512 3161 n.
525 3112 588 3175 111.)
601 3129 664 3177 pag.
678 3110 752 3175 Bijt=
773 3112 840 3174 „scd
854 3112 951 3162 mulier
963 3110 1014 3162 illa
1026 3127 1077 3176 que
1091 3126 1155 3160 nam
1167 3116 1217 3163 est.
1249 3125 1301 3175 que
1313 3105 1344 3159 ul

35 3215 100 3250 ecs
125 3199 159 3245 et
179 3194 280 3244 insana
298 3195 415 3258 quedem
433 3196 541 3249 ridetur
555 3202 583 3246 ct
601 3197 706 3247 insistit
728 3195 809 3262 super
826 3195 919 3262 lapide
938 3196 1055 3261 quodum
1074 3194 1203 3246 rotundo:
1222 3195 1344 3245 Vocatur

35 3283 127 3349 nquit
149 3279 280 3333 fortuna:
303 3284 345 3329 cst
369 3286 461 3331 autem
484 3297 539 3332 non
557 3280 644 3331 solum
663 3297 739 3331 ceca.
776 3279 824 3330 scd
843 3287 871 3330 ct
888 3281 989 3331 insana
1007 3287 1035 3331 et
1053 3280 1144 3332 surda.
1179 3280 1231 3330 hcc
1249 3281 1343 3344 itaque

35 3368 96 3418 uid
127 3364 228 3429 operis
251 3362 353 3413 habet?
376 3365 536 3415 obambulat
554 3381 723 3430 quocumque
742 3366 877 3430 inquitet
896 3366 959 3415 aliis
978 3366 1061 3430 eripit
1080 3365 1241 3415 facultates.
1279 3363 1346 3421 aliis

35 3452 123 3502 radit
145 3448 186 3496 ab
205 3447 241 3496 iis
253 3446 370 3512 denique
388 3464 480 3499 rursus
498 3451 590 3499 aufert
608 3450 683 3500 ilico.
720 3465 771 3514 que
790 3449 943 3499 tradiderat
961 3454 989 3500 et
1008 3449 1072 3499 aliis
1090 3449 1176 3498 trudit
1193 3454 1296 3498 temere
1315 3454 1344 3498 et

35 3537 253 3594 suouetautcr,
272 3532 334 3582 ideo
347 3538 375 3583 et
392 3534 499 3598 signum
517 3534 588 3584 benc
608 3534 858 3585 iudicat'naturam
876 3534 972 3599 ipsius.
1009 3533 1143 3599 quoduam
1162 3532 1213 3583 boc
1231 3532 1344 3597 inquam

36 3622 105 3688 go?
129 3617 266 3682 quoniam
278 3632 359 3688 super
370 3617 463 3683 lapide
476 3619 592 3669 rotundo
609 3619 726 3668 insistit.
760 3624 815 3668 tum
834 3617 898 3683 quid
915 3618 968 3668 hoc
986 3616 1144 3684 significati
1163 3617 1290 3682 quoniam
1302 3616 1343 3665 in-

36 3711 148 3757 ertum
163 3704 196 3750 et
207 3700 337 3751 instabile
351 3707 393 3752 est
406 3703 465 3753 eius
477 3703 585 3753 donum.
622 3703 804 3752 Calamitates
819 3703 890 3752 cuim
904 3718 1011 3767 magne.
1043 3717 1076 3751 ac
1091 3700 1343 3767 esperefluutcum

35 3788 184 3855 uispiam
204 3785 231 3835 ei
249 3785 406 3836 crediderit.
444 3788 537 3838 Turba
550 3802 615 3838 vero
629 3787 715 3837 multa
727 3786 778 3836 hee
797 3801 857 3859 cum
876 3787 1058 3837 circumstans
1077 3786 1140 3850 quid
1159 3782 1226 3836 vult.
1258 3785 1343 3849 etqui

35 3890 99 3925 rem
122 3872 284 3922 vocantur?
306 3876 440 3920 vocantur
462 3872 490 3920 hi
509 3871 617 3936 quidem
635 3870 792 3922 inconsulti.
824 3872 894 3934 petit
912 3876 1004 3921 autem
1022 3870 1205 3934 unusquisque
1224 3869 1344 3934 ipsorum

35 3976 88 4022 rue
111 3959 273 4007 consumat.
305 3956 438 4019 quomodo
456 3956 540 4021 igitur
558 3971 613 4006 nun
631 3955 714 4006 simili
733 3962 795 4006 suut
814 3961 938 4021 aspectu.
975 3955 1024 4005 scd
1040 3953 1070 4003 bi
1089 3954 1198 4018 quidem
1216 3952 1344 4002 videntur

35 4043 176 4105 gaudere.
214 4039 243 4088 hi
260 4054 326 4089 vero
345 4041 491 4089 tristantur
509 4041 629 4091 extensis
647 4041 791 4090 manibus?
818 4041 872 4102 Qui
890 4040 1017 4090 videntur
1034 4038 1123 4103 inquit
1136 4035 1256 4102 gaudere
1270 4040 1298 4085 et
1309 4036 1344 4084 ri-

35 4126 103 4178 dere
126 4141 163 4175 ex
184 4124 253 4188 ipsis
271 4124 317 4188 qui
336 4125 499 4189 acciperunt
517 4122 572 4190 [stc]
593 4124 697 4189 aliquid
716 4140 733 4173 a
750 4124 859 4173 fortuna
878 4129 953 4182 sunt,
972 4123 1002 4172 bi
1020 4137 1085 4172 vero
1104 4120 1245 4171 othonum
1258 4119 1343 4168 fortu-

35 4224 102 4262 nm
123 4211 219 4276 ipsam
237 4214 347 4258 vocant.
385 4209 432 4273 qui
450 4213 542 4258 autem
560 4209 688 4259 videntur
705 4209 770 4258 flere
790 4214 925 4258 ermanus
939 4205 1129 4258 extenderehi
1142 4207 1205 4255 suut
1218 4219 1234 4252 a
1247 4201 1344 4268 quibus

39 4294 162 4346 abstulit
181 4307 235 4358 que
253 4291 330 4341 dedit
348 4294 423 4358 prius
440 4292 515 4357 ipsis.
539 4293 569 4343 hi
586 4298 679 4343 autem
697 4307 788 4344 rursus
806 4291 908 4342 maiam
926 4292 1065 4342 fortunam
1083 4291 1172 4356 ipsam
1191 4286 1344 4354 appellant.

41 4380 101 4442 Que
122 4379 213 4444 igitur
230 4382 359 4441 suntque
373 4377 421 4426 dat
440 4378 488 4427 eis.
520 4378 628 4442 quando
648 4378 756 4443 quidem
774 4377 815 4427 sic
833 4376 862 4427 bi
880 4376 990 4441 quidem
1009 4375 1134 4440 acceptis
1151 4374 1285 4446 letantur,
1304 4371 1344 4422 bii
1414 4389 1420 4397 ’

43 4477 107 4515 raro
121 4462 236 4513 omissis
254 4460 375 4510 deflent?
394 4476 428 4511 ea
446 4462 535 4526 iuquit
553 4478 605 4527 que
620 4462 740 4511 amultis
752 4460 907 4511 bominibus
919 4459 1046 4509 videntur
1058 4473 1119 4508 esse
1131 4459 1205 4508 bona
1224 4443 1254 4523 [d
1266 4448 1345 4520 παρὰ

46 4550 102 4607 τοῖς
120 4547 243 4604 πολλοῖς
260 4534 430 4609 α’νθοιόκοις
450 4542 534 4596 δοκεῖ
550 4539 626 4596 εἶναι
644 4535 766 4611 ἀγαθώ]
803 4545 845 4593 Ea
864 4559 929 4607 crgo
948 4557 1000 4606 que
1019 4545 1093 4591 suut:
1119 4543 1216 4591 diuitie
1234 4539 1346 4591 scilicet

48 4640 71 4682 ct
88 4632 181 4698 gloria
200 4636 231 4680 et
248 4629 383 4680 nobilitas
402 4636 430 4680 et
447 4629 498 4679 filii
517 4635 545 4678 et
563 4629 726 4694 tyrannides
748 4633 777 4680 ot
795 4642 883 4694 regna
902 4632 930 4677 et
949 4625 1006 4674 alia
1024 4638 1186 4690 quecunque
1209 4623 1253 4673 bis
1272 4625 1346 4675 simi·

48 4714 90 4767 lia.
123 4717 189 4767 Huc
213 4716 302 4781 igitur
320 4714 452 4778 quomodo
470 4729 525 4764 nou
542 4718 607 4765 suut
624 4713 714 4764 bona?
731 4713 775 4762 De
792 4712 836 4762 his
854 4711 944 4776 inquit
962 4708 1034 4758 aiios
1053 4709 1267 4775 disputabimus:
1282 4712 1328 4758 ...”

100 4803 236 4855 Ηνπινι
255 4799 326 4851 Ore.
344 4813 410 4850 vor..
423 4798 489 4849 1111.
1107 4797 1125 4854 7
