3188 5422
622 453 632 471 s
672 408 870 442 connotantur!
890 405 926 441 AI)
947 405 1133 446 PASQVILLI'II.

505 562 731 625 PASQVILLVS
749 563 798 610 DE
818 562 859 609 b'll
880 559 960 610 11250
980 560 1027 608 nt
1045 559 1201 608 ORIGINI]
1220 558 1300 608 SVA.

524 685 717 759 Ut-propriam
742 691 837 739 noscat
859 683 945 756 pubes
969 682 1062 738 incana
1085 676 1200 753 liguram

462 771 494 827 m
516 789 550 826 ne
574 787 637 825 rana
661 787 726 825 mere
749 776 876 823 narretur
899 766 987 826 tabula
1010 766 1102 827 sortis,

461 857 521 930 lpse
543 873 634 911 minam
658 853 754 927 (prima
778 861 905 926 repetens
929 852 962 906 alr
985 852 1091 923 origine
1114 849 1223 920 cuncta)

461 941 579 1013 Fataque
603 941 780 1011 fortunasque
802 955 889 999 niens,
914 954 968 1010 quo
992 936 1099 991 nomine
1114 935 1199 995 dicar,

400 1031 407 1048 '
462 1024 515 1079 Cdr
537 1024 633 1079 durum
658 1023 684 1078 in
706 1022 821 1095 lapidem
845 1040 938 1077 versus
962 1028 1099 1094 prmupta
1116 1019 1199 1093 petivi

463 1109 600 1182 AEquora‚
623 1125 672 1163 cut·
696 1107 792 1162 itcruut
816 1124 929 1181 superas
952 1114 1059 1160 erectus
1083 1105 1109 1158 in
1133 1120 1214 1158 auras

462 1193 581 1254 Lauder.
605 1201 632 1247 et
656 1193 769 1278 irntqoto
792 1190 873 1264 lapidi
897 1199 1040 1245 serventur
1063 1189 1183 1243 honores

402 1308 405 1314 ·
463 1277 647 1349 Certatimque
672 1277 760 1331 lerant
783 1275 908 1330 sublimia
930 1275 1049 1330 carmina
1073 1281 1155 1327 rates.

526 1362 589 1415 Sum
613 1361 715 1434 Lyctia,
739 1361 896 1417 Orescuutis
919 1360 1054 1433 quondam
1078 1357 1270 1413 nrrestiasimus
1293 1355 1369 1431 Ilylre

464 1447 577 1506 Ilnctor,
600 1446 642 1500 cui
666 1462 804 1517 uunquam
827 1444 923 1500 similis
946 1445 1046 1498 errarit
1069 1443 1094 1496 in
1119 1441 1201 1502 orlre;

463 1529 567 1585 lnlmlix
590 1530 702 1602 cupiens
726 1529 817 1584 subito
841 1530 964 1585 mimdata
988 1527 1099 1589 relcrre,

463 1616 528 1669 llum
552 1614 607 1669 rult
630 1613 736 1669 Alcides
759 1616 855 1669 Cenaeo
878 1629 953 1670 sacra
977 1629 1072 1688 parare

464 1699 531 1753 Vota
554 1699 623 1760 lori,
648 1699 734 1753 lusam
757 1698 869 1754 Nosseeo
892 1697 1024 1770 sanguine
1047 1706 1149 1760 restem

409 1784 411 1789 '
461 1785 587 1845 Perlero.
612 1801 691 1857 quam
714 1783 798 1839 mittit
820 1783 951 1839 conluux:
971 1782 1047 1867 capit
1069 1781 1171 1837 inscius
1194 1781 1278 1836 lteros
1348 1788 1352 1795 ’

464 1868 655 1940 Induiturquc:
679 1866 740 1922 titali
764 1868 803 1922 ris
826 1869 847 1922 it
869 1868 965 1923 dillusa
989 1884 1038 1941 pcr
1059 1874 1135 1922 artus

465 1952 624 2015 Ilerculeos,
648 1951 703 2007 late
725 1952 798 2007 virus
820 1953 960 2008 descendit
981 1952 1013 2006 ad
1037 1969 1107 2007 ossa.

464 2038 610 2092 Letiferam
632 2054 692 2092 cum
716 2054 770 2092 non
794 2044 890 2111 posset
913 2036 1067 2092 rescindere
1091 2045 1202 2095 vesteno

465 2122 594 2178 Fervidus
615 2121 675 2180 haec
698 2121 725 2176 in
749 2139 791 2179 rue
814 2121 924 2178 turlralo
947 2120 1064 2195 protulit
1087 2138 1149 2178 ore:
1187 2157 1195 2172 .

465 2207 620 2261 Otacinus!
643 2206 741 2261 mortis
763 2216 843 2263 autor
864 2207 1016 2263 certissime
1039 2214 1150 2276 nostrae.
1172 2259 1173 2262 ,

468 2290 542 2345 llaud
566 2291 675 2363 impune
698 2291 770 2346 seres
792 2291 895 2347 nostris
918 2291 1056 2347 contrarie
1073 2290 1151 2345 latis:

465 2375 525 2448 lpse
549 2392 627 2435 uror.
651 2374 749 2448 gelidis
771 2384 801 2431 tu
824 2394 895 2432 nuuc
918 2375 1043 2431 morieris
1065 2375 1094 2430 in
1116 2374 1212 2429 undis!
1240 2424 1242 2430 ,

466 2459 520 2515 Nec
542 2477 632 2515 mora:
655 2460 790 2517 dicentem
813 2461 893 2517 verba
916 2460 1070 2516 excusantia
1092 2459 1188 2533 pernix

465 2544 585 2618 Corripit
608 2543 713 2600 Alcides
736 2544 923 2618 liquidumque
946 2562 1078 2618 peracre
1100 2543 1193 2598 mittit.

467 2629 496 2684 ln
518 2646 611 2685 saxum
634 2629 753 2702 pendens
775 2648 875 2704 corpus
898 2629 1038 2704 lapidescit
1061 2629 1086 2684 in
1109 2629 1183 2684 auris

385 2721 412 2755 ·.·
468 2716 556 2787 lltque
579 2731 715 2788 exsangue
738 2723 811 2771 metu
836 2715 942 2771 tandem
964 2714 1089 2770 consedit
1110 2713 1138 2768 in
1161 2713 1240 2768 undis

466 2798 605 2861 Euboicis.
630 2799 725 2854 formae
748 2817 857 2855 servans
880 2797 1022 2855 simulacra
1044 2798 1154 2873 prioris.

468 2884 524 2940 lleu
548 2884 656 2957 quoties
679 2883 781 2957 pandas
803 2883 901 2940 cervici
923 2883 1025 2939 instare
1048 2883 1152 2939 carinas

467 2970 599 3043 Conspexi
623 2977 650 3024 et
673 2968 788 3023 miseros
811 2978 906 3024 nautas
929 2968 1069 3026 erroribus
1091 2959 1167 3023 a'ctos

467 3054 556 3109 Illisos
580 3063 686 3109 tenuem
710 3053 831 3126 scopulis
853 3052 990 3108 ellundere
1014 3054 1108 3109 vitam!

533 3140 623 3212 Atque
645 3138 712 3192 adeo
736 3138 793 3193 lone
815 3139 920 3194 eunctis
944 3138 1035 3194 iniecit
1058 3138 1126 3193 lama
1151 3137 1298 3197 timorern.'

470 3223 502 3277 Ut
525 3238 605 3277 nemo
628 3221 738 3278 Euboici
762 3222 867 3277 ratilius
892 3231 997 3278 tentare
1021 3222 1139 3278 latebras

469 3307 588 3362 duderet
610 3323 709 3378 magno
731 3307 831 3368 donec,
855 3307 990 3381 Neptune,
1014 3307 1131 3362 tridente

469 3390 580 3445 Vertisti
604 3391 684 3463 rigidi
708 3392 878 3464 praegrandia
902 3391 1001 3448 robora
1023 3393 1110 3463 saxi„

469 3474 670 3548 Quamprimum
693 3473 772 3531 evelli
795 3476 866 3531 sensi
891 3493 948 3538 me,
973 3494 1095 3549 quaerere
1119 3485 1218 3533 terram

394 3589 399 3602 ·
472 3558 604 3613 Paulatim
626 3559 712 3620 nitor.
736 3561 880 3633 medioque
902 3578 933 3615 ex
957 3578 1068 3634 aequore
1089 3561 1182 3635 lapsus

470 3643 497 3697 ln
520 3643 617 3698 siccam
639 3644 748 3699 tandem
771 3644 833 3700 lelix
856 3644 981 3718 appellor
1001 3662 1118 3701 arenam.

469 3728 544 3782 Nunc
567 3746 609 3782 rne
631 3728 713 3782 Itonia
738 3736 811 3784 tenet
834 3738 991 3803 sortemque
1015 3731 1122 3785 miserta
1147 3731 1296 3802 quotannis
1336 3790 1340 3797 ,

470 3811 563 3867 Turba
582 3812 762 3886 poedagogum
786 3814 899 3870 meritos
922 3815 1055 3870 instaurat
1078 3815 1208 3870 honores.

740 3948 819 3988 meu
840 3950 882 3988 nn
906 3949 942 3990 se
965 3931 1044 3995 tuso.

472 4049 497 4104 Si
522 4067 576 4105 non
600 4062 668 4106 sum·
683 4049 753 4106 sicut
776 4051 856 4112 estis,
880 4050 981 4106 lralrent
1003 4069 1061 4106 rnea
1084 4051 1205 4125 pondera
1227 4068 1353 4108 causam:

534 4134 677 4191 Deucalion
700 4152 792 4190 aarum
816 4134 921 4190 volvere
944 4152 998 4191 non
1021 4137 1120 4209 potuit.

338 4303 406 4362 Quae
430 4301 475 4350 liic
494 4300 601 4350 lacunae
621 4300 763 4365 explendae
782 4314 869 4348 cause
888 4300 1041 4351 addidimus
1060 4301 1198 4360 earmina,
1224 4316 1258 4349 ex
1276 4299 1464 4366 Pelquillorum
1477 4294 1522 4336 ton·

269 4385 292 4433 Ι.
305 4401 332 4449 p.
348 4383 370 4433 t.
384 4400 424 4448 sq.
443 4385 605 4450 deprompta
629 4390 700 4434 cunt.
736 4385 779 4434 De
802 4383 937 4448 Pasquilli
960 4384 1175 4448 metamorphosi
1195 4374 1342 4449 Lieheque
1371 4389 1398 4433 et
1419 4369 1525 4431 eoml⁸⁸l⁰

270 4467 393 4516 Hercule
414 4470 511 4518 confer
524 4470 618 4519 Ouidii
637 4473 748 4519 metam.
761 4468 809 4518 tto.
823 4469 870 4519 IX.
886 4473 914 4517 et
931 4468 1008 4520 Serv.
1022 4469 1058 4518 nd
1070 4470 1152 4532 I'erg.
1167 4468 1234 4518 den.
1247 4469 1325 4519 vttt.
1337 4468 1395 4517 300.
1427 4464 1494 4514 vene
1506 4447 1524 4493 ⁹·

272 4553 414 4600 (reacuntis
437 4552 521 4602 habet
545 4552 641 4611 Curio,
670 4553 719 4603 eod
743 4558 839 4617 aperto
867 4543 1053 4617 dpeonorivtoc
1077 4551 1203 4614 (silvani)
1228 4553 1316 4603 voluit
1340 4559 1436 4602 auctor.
1466 4531 1523 4590 vll

270 4633 380 4683 Caenaeo
400 4636 484 4684 Citrio.
498 4652 524 4685 v.
538 4637 578 4686 25.
593 4653 718 4700 exangue
734 4638 817 4687 Corio.
1432 4645 1436 4653 '

769 4751 1114 4768 *—
