3210 5416
781 351 786 369 .

102 398 220 433 nrauoor
240 397 346 432 surreie
364 398 481 433 rnsrrvu
499 396 625 433 cunnum.
647 381 689 449 [1.]
707 396 935 433 concremaverit
954 372 1217 434 rnuonocrsruuvu.
1266 368 1339 439 679

113 555 361 612 Hoohstrrtus
388 551 533 617 Nausic
551 532 686 630 magister
708 563 818 618 noster.
841 573 896 613 non
919 556 969 612 sic!
994 573 1047 612 non
1070 556 1197 612 volumus
1217 574 1340 632 vesper

48 642 190 704 merdare,
213 642 290 696 sed
285 659 335 697 ram
358 659 452 697 suiuus
473 643 633 714 congregati
656 659 705 716 pro
730 642 843 698 iuvando
866 659 931 709 vos,
955 649 986 697 ut
1007 641 1209 698 contundantur
1224 650 1251 698 et
1266 660 1340 700 reve·

47 733 164 782 reantur
186 743 285 782 omnes
303 727 349 800 qui
373 735 500 800 quaeruut
521 725 602 782 nohis
624 727 701 782 mala

115 810 247 867 decius
284 810 368 872 Nihil,
399 829 448 867 vos
476 811 544 866 nihil
573 812 719 886 prolicitis:
748 829 800 885 ego
828 820 895 886 puto
919 828 960 866 me
984 828 1043 867 esse
1067 819 1120 867 tam
1144 812 1244 868 bonum
1267 814 1365 870 sicuti
1376 819 1406 862 m.

19 911 100 950 oros
124 897 151 951 iu
173 897 296 952 doctrina
318 897 439 959 doctoris
462 897 567 958 Sancti,
600 897 647 952 sed
669 894 737 952 nihil
760 897 838 972 potui
860 874 1007 971 proficere
1037 897 1098 970 quia
1123 896 1168 952 ille
1190 897 1271 954 horno
1293 917 1340 954 ne-

50 988 99 1053 gat
122 982 211 1037 omme
233 989 261 1037 et
284 997 339 1037 uoti
361 990 439 1037 curat
462 981 652 1055 syllogismos:
676 990 703 1038 et
719 983 826 1056 qnando
842 981 911 1037 liene
926 981 1059 1037 eorrcludo
1076 999 1155 1037 uuam
1171 1000 1341 1057 consequen·

48 1065 117 1121 tiam
139 1066 167 1120 in
190 1066 386 1121 Frisesmoriuu
409 1066 449 1120 vel
473 1068 500 1121 in
521 1062 646 1123 lierbefin
669 1066 710 1123 rel
735 1069 761 1123 iu
783 1067 879 1131 Braca,
909 1076 974 1123 tone
1003 1068 1061 1139 ipse
1084 1066 1340 1140 negatcouelusio·
1380 1063 1384 1069 ’

49 1167 112 1206 nem
134 1159 162 1206 et
184 1159 273 1207 totum
296 1159 499 1224 argumentum,
522 1160 550 1207 et
572 1152 638 1207 dicit
661 1153 733 1228 quod
756 1161 820 1210 suut
842 1152 964 1208 tanusiae
987 1160 1016 1205 et
1033 1152 1174 1208 tentiioolae
1191 1153 1338 1216 hominum.

50 1252 115 1308 quae
139 1236 165 1290 in
189 1235 338 1308 Theologia
361 1252 414 1292 non
438 1236 537 1292 hahent
559 1236 663 1299 lucum:
690 1245 719 1293 et
747 1235 805 1293 vult
833 1238 905 1311 quod
929 1255 980 1310 pro
1003 1235 1171 1310 syllogismis
1193 1237 1340 1295 debeamus
1381 1245 1389 1264 ⁴

2 1333 38 1372 ao
50 1319 170 1391 allegare
186 1319 358 1393 Euangelium
373 1321 415 1377 vel
430 1321 541 1377 Paulum
564 1330 610 1378 aut
633 1327 733 1379 textum
756 1340 838 1378 suere
861 1322 1013 1395 scripturae.
1059 1321 1110 1377 Sed
1133 1322 1179 1378 ubi
1201 1321 1407 1398 acciperem-¹⁵·

50 1405 119 1460 mlail
143 1405 271 1461 habemus
295 1406 321 1461 in
343 1405 479 1480 pharetra.
523 1425 576 1479 ego
592 1409 700 1481 quidem
715 1406 829 1464 multum
845 1406 963 1462 laboravi
981 1424 1031 1480 pro
1047 1415 1078 1461 et
1090 1416 1186 1463 eontra
1202 1409 1232 1463 ad
1249 1408 1341 1464 deleu-

48 1489 167 1545 dendum
189 1491 301 1564 Papam,
330 1499 361 1546 ut
382 1491 458 1546 deret
482 1491 546 1547 mihi
570 1509 649 1548 uuam
672 1493 801 1567 pinguem
823 1491 995 1566 praebendam
1017 1490 1059 1547 vel
1081 1492 1289 1566 Episcopatum,
1312 1502 1341 1549 et

49 1575 149 1649 scripsi
171 1575 224 1630 hue
245 1583 273 1630 et
295 1577 348 1632 lrue
363 1576 394 1631 ad
410 1577 532 1632 diuersos
547 1576 692 1649 Magistros
714 1585 840 1638 nostros,
862 1576 1030 1633 detrahendo
1052 1585 1080 1631 et
1096 1575 1270 1651 obloquendo
1286 1579 1340 1633 Lu·

50 1660 140 1722 thero,
164 1669 192 1716 et
214 1660 320 1719 taudem
343 1679 401 1716 sum
424 1663 571 1724 contusus:
596 1663 707 1737 iusuper
729 1679 822 1718 omnes
846 1660 884 1716 illi
908 1662 954 1735 qui
972 1662 1023 1716 iam
1039 1660 1176 1723 scribunt,
1199 1662 1295 1718 volunt
1310 1680 1340 1718 se

14 1744 189 1800 revindicare
204 1745 237 1800 de
253 1761 309 1808 me,
333 1754 360 1801 et
375 1745 475 1802 habeut
490 1764 531 1802 me
548 1764 598 1821 pro
614 1748 722 1803 homine
738 1746 868 1808 ridiculo,
893 1746 938 1819 qui
962 1747 1064 1820 incepit
1086 1746 1219 1803 aedificare
1242 1755 1270 1803 et
1285 1765 1339 1811 non

49 1830 144 1902 potuit
165 1847 367 1896 consummare:
398 1839 486 1887 tamen
515 1831 693 1888 nihilominus
725 1833 763 1888 lui
789 1841 843 1887 tarn
873 1831 1016 1905 impudens
1044 1839 1072 1885 et
1095 1840 1148 1887 tam
1172 1833 1340 1888 meretricem

49 1915 167 1977 frontis,
190 1915 262 1988 quod
278 1915 353 1970 nituit
375 1917 465 1971 curavi
489 1916 545 1972 haeo
568 1918 671 1978 omnia.
694 1925 722 1972 et
737 1917 840 1990 sumpsi
857 1916 921 1971 milri
938 1932 1056 1977 cornua,
1080 1924 1108 1971 et
1124 1917 1254 1990 acquisivi
1270 1917 1340 1972 duos

48 1999 159 2054 codices
181 1999 325 2074 synodales
347 2018 396 2075 per
419 2001 641 2058 intercessionem
664 2002 862 2062 ducharorum
891 2009 919 2056 et
941 2002 1048 2074 perrexi
1071 2002 1098 2055 in
1120 2002 1256 2057 civlteteru
1279 2019 1341 2058 sau·

49 2092 130 2144 ctam.
154 2102 214 2158 quae
238 2102 308 2140 nune
330 2095 372 2141 est
394 2086 521 2159 spelunea
542 2086 692 2149 latronum,
718 2087 743 2143 id
765 2096 806 2143 est
822 2087 946 2147 lloruam,
969 2094 996 2141 et
1019 2084 1136 2141 osculari
1153 2086 1236 2161 pedes
1249 2086 1339 2160 Papae.

9 2169 75 2223 nsi
98 2169 169 2224 lorte
191 2185 300 2243 possem
328 2172 481 2244 opprimere
505 2172 641 2228 inimicum
670 2190 767 2228 meum
811 2171 887 2238 Quod
910 2187 992 2244 quarm
1015 2170 1127 2226 vidisset
1149 2171 1233 2244 Papa,
1264 2170 1408 2226 vuldes-¹¹⁶·
1492 2158 1497 2166 ⁴

49 2270 94 2309 me
116 2255 325 2317 comanendum,
353 2255 426 2328 quod
454 2255 540 2311 liabeo
569 2265 630 2337 tam*
653 2274 778 2330 ntegrum
801 2254 903 2314 zelum.
935 2255 981 2310 sed
1004 2254 1109 2310 nullum
1131 2255 1217 2311 adhue
1234 2255 1340 2312 beneti-

47 2340 122 2394 cium
143 2339 229 2400 deilit,
259 2340 329 2395 sicut
356 2341 511 2414 sperebam;
540 2343 586 2397 sed
615 2342 679 2398 feeit
707 2340 851 2397 etrncilium
880 2338 1059 2396 Cardinalium
1079 2349 1112 2394 ut
1136 2340 1211 2397 illurn
1232 2358 1341 2397 exeom-

48 2423 209 2480 munioaret.
254 2424 292 2478 illi
316 2433 404 2480 autem
428 2425 575 2482 noluerunt
596 2428 751 2483 consentire
783 2435 886 2500 praeter
904 2426 987 2488 duos,
1018 2443 1134 2498 quorum
1157 2442 1227 2481 rinus
1249 2431 1341 2500 symo'·

49 2510 127 2564 aiace
150 2509 201 2564 luit
224 2518 367 2581 promotus
389 2510 421 2565 ad
445 2510 643 2568 cardinalatum
664 2512 697 2566 de
720 2511 820 2567 familia
835 2511 962 2571 dedices,
986 2509 1056 2566 alius
1079 2527 1194 2583 magnus
1217 2510 1342 2567 adulator

9 2592 199 2649 aoPoutilicis.
241 2593 339 2651 deinde
367 2612 450 2668 quum
479 2595 531 2651 hoc
558 2612 613 2652 uon
640 2597 832 2658 successisseta
861 2597 939 2669 posui
968 2596 1037 2669 apud
1067 2595 1188 2652 diversos
1212 2594 1251 2651 illi
1274 2597 1340 2650 insi·

47 2678 122 2743 dias,
145 2685 173 2733 et
195 2680 273 2752 posui
297 2678 380 2735 multa
403 2679 493 2736 licinia
516 2688 543 2735 et
565 2682 697 2742 lomento.
722 2697 782 2754 quiae
806 2699 856 2737 suo
879 2688 1001 2754 ternpore
1022 2680 1213 2736 conllehuutur
1235 2681 1262 2735 iu
1280 2698 1340 2736 ma-

47 2780 134 2836 gnum
158 2763 318 2820 incendium.
364 2765 402 2820 dd
424 2766 612 2840 propositum:
636 2767 699 2839 quia
722 2784 817 2821 sumus
840 2782 933 2820 omncs
957 2773 1072 2838 propter
1094 2766 1144 2820 lroe
1167 2765 1408 2837 congregatim·

48 2849 122 2904 siout
143 2848 272 2905 hactenus
294 2851 361 2905 estis
382 2849 416 2905 de
438 2862 480 2906 me
502 2851 621 2924 experti,
650 2851 721 2906 sicut
749 2851 826 2923 gigas
849 2848 910 2904 volo
933 2857 1006 2904 stere
1028 2858 1055 2903 et
1078 2866 1199 2910 servare.
1228 2858 1255 2904 et
1278 2849 1340 2905 volo

47 2933 138 2989 adhuc
160 2935 315 3007 pervincere
337 2951 421 2990 unum
444 2936 611 3009 triumphu-m
633 2935 665 2990 de
689 2934 736 2991 illo
760 2934 903 2995 haeretico,
933 2941 960 2988 et
983 2934 1090 3006 quando
1114 2942 1177 2989 tunc
1198 2932 1341 2989 combure·

11 3027 115 3079 antur,
140 3027 205 3075 tunc
226 3036 278 3092 ego
301 3017 364 3075 volo
386 3020 491 3094 primus
513 3038 574 3076 esse
597 3021 643 3094 qui
668 3020 791 3075 incendat
813 3018 901 3095 ligna.
926 3016 986 3072 volo
1009 3035 1069 3073 esse
1084 3035 1150 3073 suus
1166 3017 1254 3074 lictorss
1292 3036 1339 3074 vos

49 3102 178 3158 similiter
200 3104 279 3160 facite
301 3113 328 3160 et
350 3105 487 3161 defendite
509 3105 659 3162 doctrinam
682 3112 807 3161 vestram.
851 3111 879 3159 et
901 3103 923 3158 si
947 3102 1053 3158 videtur
1069 3102 1145 3157 vobis
1161 3103 1270 3166 bouum,
1294 3121 1340 3158 vo·

53 3186 145 3243 lumtrs
160 3204 336 3264 corrumpere
351 3189 476 3246 Carolum
493 3207 584 3266 regem
599 3189 762 3246 catholicum
786 3192 899 3264 pecuma
922 3195 949 3245 et
971 3187 1099 3262 precibus
1123 3186 1197 3244 illius
1213 3188 1241 3242 lt.
1258 3206 1338 3262 quem

49 3272 132 3328 habet
156 3268 279 3330 incuria
302 3290 366 3331 sua:
394 3283 436 3330 est
466 3275 537 3330 euim
559 3276 640 3331 etiam
664 3275 751 3331 bouus
775 3273 947 3347 theologista.
967 3346 968 3349 Ἴ
992 3271 1065 3327 Alias
1097 3290 1148 3346 ego
1177 3272 1244 3328 uilril
1268 3275 1338 3328 scio:

49 3358 123 3431 Papa
145 3358 229 3421 iacet,
253 3367 280 3414 et
302 3359 431 3416 lloctores
454 3358 599 3416 secrrlares
621 3361 702 3416 etiam
725 3367 789 3415 sunt
811 3359 897 3414 aversi
920 3373 934 3412 a
955 3357 1050 3420 uolris3
1074 3375 1121 3413 ros
1144 3357 1409 3414 eradicatorem.

12 3452 79 3497 sset
103 3442 253 3499 Carmelitae
277 3452 379 3508 tantum
402 3445 489 3501 adime
510 3446 623 3501 servatis
647 3446 767 3506 lortitor,
791 3452 818 3499 et
840 3443 1058 3504 carthusienses,
1089 3442 1176 3498 trilius
1199 3442 1239 3498 vel
1263 3452 1340 3517 quat-

22 3536 116 3583 ·tuor
136 3529 272 3602 ereepu's,
296 3530 341 3602 qui
364 3530 445 3585 etiarn
470 3537 561 3585 tenent
585 3529 661 3586 illum
684 3529 781 3585 novum
804 3528 928 3590 modum:
952 3528 1022 3601 quod
1040 3527 1185 3595 fecithoc,
1206 3529 1342 3602 quisine·

49 3620 115 3668 rum
137 3613 218 3669 etiam
240 3613 366 3688 discipuli
391 3613 535 3689 aliquando
559 3616 585 3669 in
609 3613 719 3671 saeculo
734 3614 852 3670 illorum.
896 3612 1021 3669 Carolum
1043 3613 1217 3675 delebimus:
1248 3614 1294 3686 qui
1318 3614 1340 3667 si

49 3699 247 3771 contempserit
269 3715 334 3763 uos,
358 3700 428 3756 sicut
451 3707 493 3754 est
516 3700 677 3763 timendum,
701 3708 791 3756 aetum
812 3707 862 3756 est.

55 3866 250 3875 Ἢ

118 3964 333 4037 Ῥτίεᾳςω.κ.]
348 3967 385 4016 of.
401 3971 451 4015 art.
466 3965 633 4040 Syllogipmi.
673 3965 816 4032 Berbelin]
830 3967 951 4015 Barbari.
991 3961 1217 4031 Brucnlliaraco.
1259 3959 1338 4010 ‘²¹la·

50 4049 122 4116 born]
143 4051 214 4100 libro
232 4051 266 4101 de
284 4053 404 4118 primatu
422 4065 510 4117 pupae.
564 4048 586 4083 17
603 4045 710 4115 κέρατα
723 4045 789 4115 ἔχει.
802 4049 926 4114 Apostol.
938 4046 1057 4097 XIV.85.'
1109 4046 1131 4077 ¹⁸
1150 4043 1268 4111 perrexi]
1287 4047 1338 4094 ini-

49 4137 92 4186 tio
110 4152 135 4186 s.
153 4135 226 4186 1520.
246 4137 284 4186 ef.
302 4135 421 4185 Lutheri
438 4152 498 4201 epp.
519 4136 545 4185 d.
557 4135 600 4185 21.
613 4136 696 4185 Mart.
715 4139 744 4183 et
759 4134 802 4183 el.
816 4135 875 4183 lun.
895 4131 1102 4182 a.1520.dntns
1126 4136 1154 4178 et
1176 4128 1339 4179 ddelmeuni

51 4237 113 4287 epp.
127 4222 154 4274 d.
170 4221 209 4271 ll.
223 4223 283 4272 Ina.
303 4229 332 4270 et
352 4219 389 4269 ll.
404 4221 463 4269 Ian.
478 4235 503 4273 a.
520 4219 591 4268 1520.
611 4221 741 4285 scriptas,
762 4234 806 4283 ep.
820 4219 972 4267 Heumann.
986 4215 1045 4263 doe.
1059 4213 1101 4262 lit.
1113 4228 1139 4278 p.
1157 4212 1212 4263 183.
1228 4213 1284 4263 luo.
1298 4230 1338 4279 sq.

49 4304 69 4339 ¹¹
85 4306 176 4355 obbue
190 4309 214 4356 1.
248 4303 271 4339 ²¹
284 4304 429 4355 concillum
436 4302 529 4369 card]
541 4305 572 4353 ln
585 4302 754 4353 memorabili
767 4302 816 4351 ille
829 4299 947 4365 epistole
961 4316 975 4348 e
988 4299 1074 4348 Rome
1087 4298 1118 4346 de
1131 4297 1339 4347 Lutherieeusn

51 4392 157 4458 scripte
171 4405 251 4455 quem
259 4388 612 4452 Riedererus(Nuodrlcdteu
625 4400 656 4438 et,
671 4387 742 4436 Atto.
753 4384 868 4436 176180.
876 4400 900 4448 p.
910 4383 968 4433 179.
975 4383 1046 4447 sqq.)
1060 4383 1223 4448 publicavit,
1237 4383 1338 4447 prinei·

51 4475 129 4540 pules
148 4475 265 4524 liutheri
283 4474 389 4524 inimici
407 4475 591 4523 memorantur
609 4469 759 4520 cardinalis
772 4467 923 4519 eatetenus
942 4473 970 4518 et
988 4466 1120 4517 Silvoetor
1137 4466 1268 4530 Prieneo,
1287 4467 1337 4517 Oo-

52 4559 192 4610 lonieuses
216 4563 245 4608 et
262 4560 453 4610 Lovouienses
472 4561 499 4607 et
518 4554 566 4605 alii
586 4555 707 4619 theologi
726 4552 898 4613 Gonunniei,
923 4551 1014 4618 ‘super
1036 4553 1127 4601 omnin
1150 4566 1216 4601 vero
1232 4566 1337 4600 merea·

52 4649 94 4694 tor
117 4644 166 4694 ille
190 4643 350 4696 Fuckerus.'
420 4643 456 4692 of.
475 4639 669 4689 Hoclrotratum
694 4644 830 4689 orontem.
882 4634 904 4668 ⁸¹
921 4634 968 4700 D.]
986 4637 1133 4686 Ductorem
1152 4639 1178 4685 3.
1208 4636 1337 4700 doctoris,
1391 4641 1399 4659 ⁹

50 4737 111 4794 puto
130 4728 286 4794 Glnpionis.
339 4725 360 4758 ³⁴
378 4727 484 4777 Eckius
501 4723 643 4776 steeularie
661 4724 754 4774 doctor
772 4722 834 4773 tuit.

1047 4806 1114 4868 37*
