3232 5422
316 388 364 437 XI,
435 402 595 450 cauponas.
666 401 805 438 nxxxours
826 403 1011 438 uerrunrcvs.
1037 387 1120 449 (abab.)
1288 372 1353 444 381

63 564 147 617 terea
170 557 307 634 accipere
330 573 450 617 munera
474 574 525 615 eos
546 573 681 632 semper,
716 562 744 614 et
772 555 809 615 ab
839 555 989 623 omnibus:
1024 563 1125 616 contra
1155 574 1206 615 eos
1228 551 1235 619 Ι
1258 554 1364 640 &fimi
1456 612 1457 620 ,

64 676 139 718 vero
154 660 204 736 qni
220 673 342 717 munera
358 674 417 717 non
433 658 574 724 oderim,
598 654 753 734 supercilia
778 656 953 734 distringere
974 664 1062 735 atque
1077 674 1194 716 omrtem
1210 656 1365 717 obvertere

68 758 176 819 malam
192 759 333 837 operam?
355 760 441 820 etiam
458 777 523 826 eos,
547 759 688 836 siquando
705 759 808 818 odensi
822 766 899 825 snut,
924 758 1121 832 (offenduntur
1144 764 1241 819 autem
1263 758 1363 836 probi·
1375 769 1434 819 teo.

66 868 141 929 tate,
174 862 356 928 innocentia,
386 860 551 921 eruditione
574 867 603 920 et
624 860 653 920 id
674 877 770 936 genus
792 859 963 927 virtutibus,
987 860 1039 920 scd
1060 861 1160 938 impri·
1181 869 1189 939 Ι
1211 856 1364 933 llffi‘lssssffm‘g·

39 963 124 1022 amis
147 962 286 1042 egestate)
320 969 384 1023 tum
415 980 485 1020 rere
514 961 679 1038 demitigari
706 960 761 1019 nisi
790 958 894 1019 oblatis
916 960 1089 1020 muneribus
1111 960 1188 1028 baud
1219 979 1366 1040 quaquam

66 1062 172 1140 posset
195 1072 319 1139 autnon
335 1062 455 1123 videbas
470 1063 617 1122 neminem
633 1063 663 1121 iu
679 1061 743 1122 aula
760 1078 849 1138 agere
872 1063 969 1122 miuus
991 1061 1113 1122 candide
1129 1064 1284 1140 minusque
1299 1080 1366 1140 syn-

66 1182 151 1233 cera,
175 1164 227 1225 sed
250 1172 319 1225 tunc
342 1166 468 1225 maxime
491 1164 625 1225 iraudem
647 1163 801 1224 intendere
824 1180 892 1230 eos,
918 1182 986 1223 cum
1002 1163 1210 1240 benignissime
1232 1169 1239 1234 t
1262 1162 1366 1239 ῗξζζξῗωω

66 1265 265 1343 respondent,
290 1273 317 1325 et
338 1264 448 1326 aulicas
470 1264 660 1326 salutationes
681 1283 716 1324 ac
740 1264 909 1342 magnificos
932 1263 997 1324 illos
1018 1282 1088 1324 suos
1111 1271 1232 1342 crepant
1252 1265 1366 1324 fumosi

130 1386 304 1430 averanus.
344 1368 544 1445 Cognoveram
568 1373 597 1427 et
620 1366 768 1434 videbam,
792 1366 844 1425 scd
868 1365 905 1425 ob
922 1365 951 1425 id
967 1366 1084 1426 brevius
1098 1368 1273 1442 perstrinxi,
1296 1369 1435 1445 qniatet.

38 1488 59 1527 u
68 1466 272 1546 proponebam
296 1468 378 1528 lactis
400 1468 557 1547 aliquando
580 1467 703 1547 iluplcre
726 1467 804 1545 quod
827 1468 944 1545 scriptis
967 1469 1063 1527 minus
1086 1469 1268 1527 nocuissem:
1298 1485 1366 1528 nam

72 1572 206 1631 luturum
229 1570 317 1629 etiam
339 1586 417 1630 nunc
439 1587 492 1647 spc
515 1569 608 1629 ducor
631 1569 809 1637 vehementi,
839 1574 871 1627 ut
893 1570 1047 1646 exigantur
1069 1568 1099 1628 bi
1115 1576 1144 1629 et
1160 1576 1297 1648 tanquam
1314 1570 1367 1628 im·

72 1668 227 1748 portabilia
252 1669 386 1749 quaedam
410 1688 499 1730 onera
522 1690 537 1730 a
560 1670 731 1748 Principum
753 1668 844 1747 tergis
874 1669 1080 1736 detrahantur;
1115 1669 1222 1749 quibus
1250 1678 1280 1730 tu
1309 1688 1368 1729 non

69 1781 157 1850 putas
180 1770 312 1832 utiliores
335 1789 399 1832 esse
421 1770 562 1832 ridiculos
584 1770 648 1831 illos
672 1779 700 1831 et
721 1773 884 1840 moriones,
909 1790 996 1849 quam
1019 1772 1273 1834 damnosissimum
1296 1773 1367 1832 scri·

69 1873 176 1932 barum
201 1871 321 1951 tulgus?
414 1888 422 1898 ·
926 1933 928 1937 ,
1261 1856 1265 1859 ’

39 1998 77 2035 ιι
135 1993 337 2036 snaxmscvs.
376 1975 448 2035 Esse
471 1993 554 2043 reor,
583 1975 621 2035 ob
649 1976 678 2035 id
707 1977 833 2035 maxime
861 1975 939 2053 quod
964 1993 1066 2034 rerum
1088 1972 1244 2052 aliquando
1267 1974 1369 2035 dicunt

70 2072 152 2135 nullo
175 2093 370 2152 personarum
392 2074 543 2154 respectu,
568 2094 635 2136 cum
658 2076 815 2136 foedissime
838 2075 994 2136 adulentur
1016 2076 1046 2135 bi
1067 2076 1181 2154 quoties
1203 2074 1210 2144 Ι
1232 2073 1308 2150 iffi:
1320 2073 1367 2108 ¹⁴¹¹·

74 2173 192 2235 lucrum
216 2179 439 2255 conspicantur,
462 2178 498 2237 ad
522 2177 600 2256 quod
623 2180 719 2238 omnia
743 2177 887 2238 adornant
910 2185 938 2237 et
953 2186 1142 2255 componunt.
1176 2196 1277 2237 vestrm
1293 2180 1388 2255 opti-a
1403 2192 1437 2237 se.

71 2295 137 2337 mos
163 2276 229 2336 illos
259 2277 477 2339 lureconsnltos
505 2278 638 2339 dicemus
664 2279 783 2356 segerius
809 2297 916 2340 vexare
943 2297 1031 2372 quam
1060 2278 1206 2366 Scribasq
1239 2303 1368 2340 termnum

71 2379 280 2439 Germaniam?

36 2507 63 2545 so
137 2500 310 2543 eversura.
348 2482 539 2560 Nequaquam
563 2482 708 2549 dicemus,
735 2500 835 2543 verum
856 2481 914 2542 lx‘oc
930 2484 1046 2560 peiores
1062 2483 1147 2543 etiam
1165 2481 1368 2553 iudicabimus,

72 2581 153 2659 quod
175 2583 366 2643 indoctissimi
389 2602 458 2643 cum
480 2585 552 2652 sint,
577 2584 653 2643 docti
676 2591 774 2644 tamen
797 2591 937 2662 putantur
959 2583 1045 2662 vulgo
1068 2602 1103 2644 ac
1117 2602 1149 2643 se
1172 2594 1178 2663 Ι
1202 2581 1370 2666 Sntffssgtfflggj

72 2681 147 2743 tales
168 2683 224 2760 ipsi
247 2684 368 2752 iactant,
392 2691 420 2744 ct
443 2703 478 2743 ex
490 2675 613 2744 'scientia
630 2687 760 2745 omniurn
776 2704 842 2764 quae
856 2693 924 2747 sunt
939 2687 1122 2754 tenuissima,
1149 2701 1183 2743 ac
1199 2685 1235 2744 ad
1251 2703 1369 2745 omnem

73 2802 175 2844 rerum
199 2787 421 2845 conversionem
444 2794 473 2845 et
494 2803 731 2864 unamquamque
755 2769 918 2848 (eommunis
940 2793 1032 2847 status
1061 2788 1248 2846 sinuationem
1278 2787 1369 2845 intcr·

73 2883 208 2962 polabili‚
233 2886 414 2946 odiosissime
437 2886 626 2964 superbiunt:
650 2870 750 2965 ¹qualis
781 2889 859 2948 enim
888 2887 981 2949 lastus
1009 2895 1053 2947 est
1075 2886 1204 2965 lcgulco·
1228 2884 1235 2950 l
1257 2885 1437 2970 {gfssgssupjtstt

38 3003 142 3046 aerum
164 2988 272 3063 passim
294 2988 392 3048 nune?
451 2984 453 2988 ’

139 3108 341 3151 snancxsevs.
380 3087 464 3158 Quali
487 3089 564 3150 nulla
588 3090 741 3150 bominum
764 3097 843 3150 secta
866 3096 966 3171 tumet:

138 3209 311 3252 uvrrsxvs.
350 3189 386 3249 Et
408 3189 524 3268 qualem
547 3192 626 3252 lerre
648 3192 686 3252 dii
710 3199 797 3270 atque
820 3191 954 3251 homines
975 3192 1087 3270 possint
1109 3192 1235 3253 diutius?
1301 3258 1303 3262 ,

139 3311 339 3353 rnaumsovs.
377 3293 486 3363 Quem,
510 3299 542 3352 ut
564 3293 634 3353 milri
657 3293 775 3371 quidem
799 3293 926 3362 videtur,
951 3296 1156 3372 nonpossint:
1179 3313 1247 3354 narn
1264 3304 1371 3374 qrrmtcr

76 3410 246 3453 mensuram
270 3400 322 3454 est.
1310 3408 1312 3410 ’

44 3518 69 3557 ao
141 3514 314 3557 aversare.
352 3494 389 3555 Et
417 3514 452 3557 ex
479 3513 513 3556 re
540 3494 622 3555 nihili
651 3504 711 3556 est:
745 3513 814 3557 nam
842 3497 987 3575 siquando
1015 3506 1194 3574 cognoscant
1222 3498 1373 3578 Principes

77 3597 215 3657 Germani
245 3614 310 3674 quae
338 3615 424 3675 nugae
453 3616 510 3675 qua
541 3598 689 3674 gravitatis
716 3599 814 3675 specie
836 3599 914 3677 apud
938 3600 993 3659 bos
1015 3600 1118 3659 lncatae
1140 3607 1212 3676 tet
1247 3599 1372 3682 ,lami

77 3704 219 3765 neantur,
251 3699 414 3758 aetumde
430 3700 578 3759 'umversa
606 3699 851 3762 Bartholistarum
880 3701 979 3761 sclrola
1008 3702 1110 3769 tuerit;
1141 3708 1169 3760 et
1197 3709 1294 3762 tarum
1321 3701 1372 3761 ab·

79 3797 175 3858 ductis
197 3798 225 3857 in
250 3816 383 3860 errorem
406 3799 507 3861 mundi
530 3800 717 3878 opinionibus
739 3804 883 3862 axiomata
906 3820 957 3862 sua
981 3800 1193 3863 honestissimis
1209 3801 1372 3880 quibusque

78 3898 192 3959 artibus
215 3901 390 3976 praeierunt:
428 3903 588 3979 quinetiam
619 3904 731 3962 omneis
762 3902 890 3982 reliquas
912 3901 1080 3980 disciplinas
1103 3910 1134 3961 ut
1156 3893 1163 3960 l
1187 3901 1372 3976 afflgfflf‘tffg'gp'·

49 4019 73 4058 ss
82 4001 177 4059 inanis
199 4018 297 4078 operae
318 4021 353 4064 ac
375 4003 462 4064 studii
484 4003 701 4081 adspernantur
723 4012 752 4064 et
773 4005 925 4087 reiicipnt,
949 4003 984 4063 ab
1007 4021 1038 4063 se
1061 4004 1175 4078 lrugem
1200 4001 1311 4078 colligi,
1335 4002 1373 4061 ab

78 4101 142 4162 aliis
157 4101 270 4179 paleam
287 4122 321 4164 ac
336 4103 436 4164 inlelix
451 4103 552 4169 lolium
567 4107 625 4183 peti
642 4105 821 4173 dictitantes:
845 4104 979 4165 borsines
993 4103 1067 4165 adeo
1083 4105 1191 4172 crassi,
1215 4110 1246 4163 ut
1267 4105 1373 4164 crassi·

80 4205 118 4265 tie
140 4222 193 4264 sua
216 4213 408 4282 corrumpant
424 4207 533 4284 optima
550 4223 763 4285 nommnquam
778 4207 908 4284 ingenia,
932 4205 984 4267 ubi
1000 4211 1220 4265 conversantur.
1245 4214 1251 4284 Ι
1274 4202 1373 4282 {³5:323}

142 4325 343 4368 saaucxscvs
382 4307 424 4367 lta
446 4308 492 4376 lit,
516 4315 658 4386 quantum
681 4308 784 4376 audio,
809 4315 839 4367 ut
861 4309 912 4385 qui
927 4306 1086 4385 prudentes
1101 4305 1154 4365 soli
1171 4313 1326 4384 putantur,
1349 4308 1441 4367 iittt.

79 4406 244 4484 prudentiae
266 4409 362 4469 omnis
382 4408 542 4469 inanissimi
563 4412 630 4470 sint.

49 4527 73 4566 u
144 4528 318 4569 averanus.
356 4508 394 4569 Ut
415 4511 473 4569 ais:
508 4527 575 4571 nam
598 4528 663 4589 quae
685 4527 733 4571 ars
755 4517 813 4580 est,
837 4509 887 4570 utt
911 4508 1114 4569 verbosissime
1137 4501 1242 4572 disci-l
1265 4530 1372 4566 antaee.

80 4608 174 4686 plina,
207 4611 232 4669 si
255 4608 405 4687 disciplina
433 4613 530 4672 vocari
561 4619 706 4680 meretur,
740 4612 929 4672 iulantissima
960 4609 1134 4688 loquacitate
1162 4613 1288 4672 nitatur?
1323 4620 1374 4672 aut

80 4729 145 4790 qim
168 4710 341 4789 prudentia,
369 4712 419 4771 ubi
442 4711 510 4773 delo
533 4713 802 4773 cirurmveniuntur
824 4712 984 4790 simplices,
1008 4710 1161 4772 etcallida
1184 4704 1194 4773 Ι
1221 4735 1373 4774 saeternae
