3232 5416
243 374 316 446 690
427 386 567 440 cente
586 401 708 439 uvarum
727 401 764 439 un
783 402 893 437 rurnru
912 401 1067 438 troesenen.
1080 401 1123 436 er.
1136 401 1163 435 n.
1178 394 1198 436 t.
1212 401 1270 437 run.
1287 392 1348 434 tstt.

350 472 363 500 Q
767 485 771 492 .

242 560 360 639 lligctur
381 577 435 639 per
458 557 623 626 Christum,
646 558 735 636 idque
756 558 873 618 acriter.
918 556 976 617 Sed
998 557 1081 633 prius
1103 556 1324 616 consistendum
1347 563 1402 616 est.
1447 553 1530 615 Prae·

242 668 322 722 terea
344 667 510 737 susceptam
533 667 635 719 contra
657 658 853 737 pontificalem
874 658 1075 738 Tyrannidem'
1093 660 1247 734 negocium
1270 656 1351 718 nulla
1375 659 1530 718 cessatione

242 764 450 823 intermittetur
471 761 551 822 mibi.
597 762 753 823 Decretum
775 768 820 822 est
847 762 876 820 in
905 734 1023 821 ominem
1051 765 1185 821 eventum
1214 760 1371 838 prosequi,
1403 766 1433 819 et
1460 758 1529 817 lorte

229 859 507 946 'pulcherrimarum
535 862 647 923 dabunt
669 851 802 950 se'initia
830 879 940 922 rerum.
985 861 1028 921 dd
1057 861 1136 940 quod
1158 869 1287 938 emptum
1311 862 1426 920 utinam
1447 859 1529 919 iidem

218 965 340 1024 ›iacere
363 965 472 1042 possim
496 963 581 1027 bonis
604 964 740 1025 omnibus
762 982 850 1043 quam
879 965 934 1024 sim
962 964 1060 1023 animo
1091 952 1244 1041 expeditus
1270 970 1300 1023 et
1330 979 1423 1039 quam
1447 962 1547 1033 scrnst

241 1067 311 1126 satis
333 1067 383 1144 qui
405 1064 462 1124 boc
485 1067 608 1125 excitem
629 1064 711 1139 robis
733 1064 909 1126 incendium.
955 1064 1123 1127 Admentur
1145 1066 1223 1125 enim
1245 1062 1385 1143 improbi,
1410 1063 1529 1123 aduren·

242 1175 306 1236 tur,
330 1167 441 1228 etiamsi
465 1166 647 1244 conflagrare
669 1184 717 1227 me
740 1158 826 1227 simul
848 1171 990 1244 oporteat.
1035 1165 1093 1224 Vos
1115 1165 1251 1225 confidite
1274 1172 1304 1224 et
1325 1165 1408 1224 omni
1423 1172 1529 1237 poster·

243 1275 309 1344 gata
331 1264 530 1328 imbecillitate
553 1286 635 1346 spem
658 1269 763 1329 sumite
787 1267 869 1328 robis
891 1267 1008 1348 plenam
1031 1275 1058 1327 et
1081 1265 1237 1349 aliquando
1259 1265 1367 1326 audete
1390 1263 1529 1331 nonnihil

219 1376 271 1429 .et
294 1370 357 1446 ipsi.
385 1403 419 1410 -
444 1368 574 1429 Lutlrero
603 1370 707 1447 scripsi
735 1371 787 1431 sed
814 1389 869 1448 pro
897 1369 1114 1450 opportunitate
1143 1366 1280 1428 breviter.
1327 1366 1460 1426 Excitate
1481 1365 1527 1425 bo
1591 1383 1593 1390 ⁴

180 1465 182 1469 ’
241 1472 349 1531 minem
372 1471 396 1529 si
418 1468 545 1546 languet.
590 1471 710 1532 locitate
732 1473 756 1532 si
783 1470 909 1551 laborat.
951 1470 1159 1532 circumsistite
1187 1470 1211 1530 si
1238 1476 1330 1536 nutat.
1376 1467 1400 1528 F
1402 1466 1487 1528 ulcitc
1506 1468 1527 1527 si
1536 1479 1555 1520 tt

241 1570 327 1631 labat.
374 1570 569 1632 Consolamini
602 1574 627 1632 si
657 1580 770 1633 moeret.
814 1573 988 1634 Presidium
1016 1578 1060 1632 est
1088 1570 1128 1631 illi
1156 1571 1185 1631 in
1213 1570 1389 1637 Francisoo,
1425 1571 1448 1628 si
1475 1586 1528 1627 noo

241 1674 311 1732 satis
334 1672 454 1732 conlidit
476 1673 537 1732 istis
559 1672 774 1734 defensoribus.
820 1675 913 1736 Audio
942 1674 995 1734 bos
1023 1670 1120 1733 moliri
1148 1689 1213 1740 eos,
1243 1679 1275 1731 ut
1306 1670 1454 1731 abducent
1476 1669 1527 1728 llo·

241 1787 319 1833 m'em
341 1775 446 1834 rivum.
491 1772 553 1833 lloc
576 1777 702 1852 patietur
724 1775 898 1836 Germania?
928 1775 952 1835 0
975 1773 1125 1835 audaciam
1147 1772 1352 1855 improborum
1377 1771 1462 1832 rrrrllis
1483 1791 1527 1831 ei·

242 1875 380 1952 piabilem
403 1874 566 1953 suppliciis!
590 1875 625 1936 Et
648 1885 745 1936 tamen
769 1885 837 1938 suut
860 1878 909 1956 qui
931 1875 1067 1955 probent.
1112 1875 1281 1936 Adsereuda
1305 1874 1427 1934 libertas
1448 1881 1526 1933 estet

242 1976 423 2037 vindicanda.
466 1976 529 2037 lloe
552 1979 603 2056 qui
625 1980 683 2054 agit
706 1978 833 2039 tuendus
857 1981 934 2039 renit
956 1986 984 2038 et
1006 1976 1175 2037 serrandus.
1203 2011 1237 2019 —
1263 1974 1364 2035 Saluta
1389 1974 1551 2054 quimdiu

242 2077 365 2143 salutem
388 2078 623 2155 adscripserunt,
647 2079 807 2149 Othonem,
832 2080 995 2148 Faccburn,
1020 2079 1059 2139 lo.
1076 2077 1209 2157 dpellum
1226 2086 1254 2137 et
1276 2075 1417 2156 reliquos.
1461 2076 1526 2135 Cau·

242 2170 362 2256 simque
385 2179 548 2239 studiorum
570 2188 740 2241 nostrorum
763 2200 818 2260 age
839 2190 967 2252 strenue.
1012 2181 1134 2241 lirasrno
1156 2187 1185 2240 te
1208 2177 1433 2240 commendabo.
1466 2176 1526 2235 l'ale

243 2277 335 2339 libere
359 2299 394 2339 cr
410 2279 545 2358 lllogunc.

519 2440 520 2443 ,
584 2384 826 2464 ·ij110uas1umj

675 2484 698 2565 †
721 2486 785 2546 Non
808 2486 900 2546 revidi
922 2505 996 2547 conc
1009 2532 1016 2544 .
1029 2532 1036 2545 .
1051 2532 1057 2544 .
1070 2503 1107 2564 pe
1531 2493 1552 2534 ²⁰

328 2584 451 2660 Scripsit
472 2585 509 2645 ad
531 2602 579 2645 me
593 2585 726 2646 Andreas
748 2586 866 2664 quidam
882 2588 1015 2647 Francus
1036 2585 1188 2665 epistolum
1210 2587 1280 2645 sutis
1302 2585 1430 2644 doctam.
1475 2581 1524 2644 Sed
1585 2586 1586 2589 ’

241 2691 358 2762 tempus
380 2703 438 2745 non
462 2693 520 2753 est,
542 2693 577 2746 ut
598 2687 803 2765 respondeam.
841 2687 885 2763 Ex
900 2688 1055 2749 Brabantia
1075 2695 1175 2748 tamen
1198 2685 1370 2748 rescribam.
1417 2686 1523 2745 lnterim

192 2869 195 2878 .
238 2785 423 2847 larniliariter
445 2806 480 2847 ex
503 2807 550 2848 me
574 2788 665 2849 saluta
688 2790 847 2850 hominem.
892 2788 980 2849 l'lura
1003 2791 1105 2867 scripsi
1134 2807 1221 2868 quam
1245 2790 1439 2848 institueram.
1499 2859 1501 2862 .

326 2887 497 2968 [Inscriptio
519 2889 671 2969 extortae]
694 2891 782 2951 Petro
805 2891 963 2952 llosellano

629 2991 709 3063 l‘roi.
724 2993 785 3051 viro
809 3001 836 3052 et
861 2994 975 3055 erudito
998 3000 1026 3053 et
1049 2992 1135 3062 bono,

664 3093 801 3154 dcadem.
818 3094 895 3172 Lips.
911 3084 1100 3170 gubernatori
1148 3116 1151 3122 ·

729 3194 914 3271 dignissimo,
938 3198 1033 3256 amico

817 3296 958 3383 Salutem.

244 3379 443 3391 *-

307 3444 317 3478 ⁴
337 3445 442 3496 dabunt
460 3446 502 3513 rc]
523 3450 560 3498 cf.
575 3448 634 3500 Cic.
649 3450 683 3499 ad
696 3451 752 3499 Act.
767 3450 817 3499 111.
831 3449 872 3500 23.
887 3451 905 3498 i.
920 3451 940 3500 f.
992 3448 1003 3480 ὅ
1022 3447 1106 3515 ferus]
1121 3450 1216 3500 Ductus
1231 3449 1290 3512 sere
1308 3449 1355 3498 bos
1373 3448 1429 3497 scie
1441 3452 1476 3496 σι’(
1487 3460 1525 3494 ee·

239 3534 333 3595 plicari
350 3532 403 3583 scat
423 3533 495 3591 Quod
509 3538 651 3597 puomptius
669 3537 705 3583 ad
714 3551 802 3585 neonus
814 3542 881 3585 esset
892 3535 1035 3585 uocabulum
1047 3539 1186 3600 promptus
1199 3535 1297 3597 tonpius
1309 3533 1342 3582 nl
1354 3536 1411 3582 lette
1423 3530 1525 3580 ruentis

241 3607 360 3667 remotum
378 3624 427 3666 ert.
479 3616 595 3683 ⁶robis]
615 3625 749 3683 tn'opopr.
762 3622 908 3670 adnotatum
926 3627 965 3669 eet
982 3620 1046 3669 fort.
1066 3619 1163 3669 ‘uobis'
1182 3619 1313 3683 seriptmn
1334 3622 1384 3667 est.
1443 3616 1471 3648 ⁷³
1487 3630 1526 3679 po

242 3699 338 3768 sterg.]
357 3701 514 3767 postrigete
531 3717 622 3766 (epopr.
634 3705 682 3752 ced
699 3689 817 3767 adposito
835 3705 1088 3772 dubitationlsslpno.
1119 3705 1212 3753 Italico
1223 3702 1300 3752 uerbo
1313 3704 1475 3767 postergere
1483 3712 1527 3764 pto

241 3787 335 3837 Latino
349 3788 455 3837 reicere
469 3790 494 3835 in
506 3788 544 3836 dio
556 3791 631 3836 etlam
643 3788 804 3837 uolunrinibos
814 3790 975 3854 frequentius
986 3794 1090 3837 utuntur
1105 3792 1254 3853 scriptores.
1300 3786 1312 3817 ⁰
1329 3787 1454 3858 Lutbero
1471 3779 1527 3846 scr]

240 3873 353 3935 epieta.
368 3887 461 3922 enxxr.
510 3871 531 3904 ¹¹
549 3870 709 3937 Franciscol
729 3872 915 3939 Siekingensi.
963 3872 984 3905 ¹²
1002 3871 1281 3938 istisdcl.]Suoeonicu
1292 3872 1407 3921 ducibus.
1455 3867 1529 3919 abdu-

243 3961 289 4004 cet
308 3972 399 4021 apopr.
412 3957 511 4021 Haupt.
525 3960 610 4007 adeor.
625 3958 778 4007 abducatur
791 3959 928 4009 ...virus
982 3957 1003 3990 ¹⁸
1021 3957 1157 4008 Othonem
1175 3956 1314 4007 Peculium
1333 3972 1426 4021 opopr.
1444 3944 1528 4017 Iteqec

241 4055 302 4090 corre
320 4058 351 4090 ue
369 4044 401 4092 de
415 4042 506 4092 Ottone
518 4043 606 4092 Paeto
624 4045 742 4107 cupitos.»
764 4042 837 4092 Otho
855 4043 1034 4107 Brunnllelsiue
1052 4049 1098 4101 est,
1117 4051 1142 4092 et
1153 4042 1280 4092 Facchus
1293 4041 1439 4111 Bnltkoser
1448 4037 1528 4088 fatu-

196 4171 197 4175 ,
240 4126 295 4174 ciue
311 4126 458 4175 Vacbensir.
477 4129 513 4190 cs.
525 4142 605 4191 wpra
622 4129 734 4191 epistn.
748 4142 786 4176 x1.
839 4127 1093 4193 loenuesApeilue,
1112 4127 1339 4191 Norimberpensis,
1357 4126 1435 4175 Petri
1445 4123 1529 4174 Mosel-

242 4212 296 4258 luni
311 4217 359 4258 tum
378 4212 527 4275 discipulus,
544 4219 638 4276 posteo
650 4212 833 4277 lierbipolensr'
849 4216 969 4278 episeopo
988 4228 1004 4261 a
1021 4216 1142 4271 consilicis,
1161 4214 1228 4260 inter
1246 4214 1299 4260 iure
1317 4215 1447 4261 consultos
1462 4210 1528 4258 etiarn

240 4295 309 4367 baud
327 4297 405 4357 infimi
420 4297 536 4354 nominis,
556 4304 608 4345 irat.
629 4313 653 4346 m.
675 4296 758 4359 1486„
778 4297 796 4356 †
815 4314 839 4347 a.
861 4296 935 4346 1527.
976 4299 1035 4347 Viri
1050 4298 1124 4347 uitam
1142 4296 1332 4360 descripserunt
1357 4297 1422 4346 tt'ttr
1439 4290 1528 4343 it‘rrnt.

240 4380 376 4430 Gelebrten
390 4369 458 4430 Les.
471 4379 495 4428 Ι.
508 4397 536 4443 p.
549 4379 590 4430 31.
603 4397 641 4446 sp.
663 4374 787 4445 Nopitsclr
800 4381 898 4431 lt'ttrnb.
913 4382 966 4432 Gel.
980 4374 1049 4448 Lem.
1064 4382 1088 4431 I.
1100 4399 1127 4446 p.
1142 4385 1185 4432 35.
1198 4396 1236 4445 sq.
1255 4383 1303 4430 scil
1320 4383 1391 4447 qnod
1406 4381 1445 4429 bic
1456 4377 1528 4441 Apel-

237 4468 285 4512 lum
298 4464 457 4529 Braclplopi
473 4471 600 4514 auctorem
609 4466 690 4528 scrisse
700 4469 810 4529 pertenit,
830 4483 932 4516 errasse
944 4466 1064 4527 dorrrincrn
1076 4470 1140 4516 satis
1151 4483 1183 4516 ea
1195 4483 1252 4531 pure
1264 4472 1288 4515 r'n
1302 4467 1368 4515 illim
1380 4466 1440 4515 libri
1451 4478 1526 4513 exert-

237 4552 280 4612 plo
293 4566 345 4599 meo
360 4554 480 4618 coposito
492 4557 548 4599 erint
561 4553 660 4600 (locent.
675 4552 708 4613 cs.
720 4547 817 4615 For-pus
829 4556 907 4616 lepino
921 4558 969 4601 etc.
983 4540 1418 4617 enumerem.Ber01.18·29.8⁰.
1429 4566 1456 4615 p.
1465 4561 1526 4596 xcii.

239 4649 314 4683 xcvi.
328 4635 379 4699 sq.)
450 4635 472 4666 ²⁰
493 4635 681 4700 supplicatione
703 4639 818 4699 epistotae
841 4653 890 4685 nou
915 4641 990 4686 uuillen
1008 4640 1102 4686 litterar
1119 4637 1234 4686 courrirlu’
1248 4636 1332 4699 sactu·
1348 4644 1415 4688 suut.
1434 4636 1527 4699 leperim

238 4719 299 4767 Non
317 4719 414 4781 revidi,
435 4720 549 4782 concepi
567 4736 682 4784 propere
702 4720 780 4783 (pepe)
844 4719 863 4752 ²¹
883 4722 966 4770 Andr.
979 4718 1113 4786 Francus]
1132 4722 1166 4785 cf.
1179 4721 1250 4783 infra
1268 4724 1344 4786 epist.
1357 4739 1381 4771 n.
1396 4732 1527 4772 ctxmr.
