3232 5422
219 389 251 436 X.
323 400 618 437 nourronsncvuovs.
692 403 829 438 pratoque
851 376 1139 456 rrvranurcvs.(toro.i
1245 379 1318 450 357

1273 462 1285 486 ⁰

39 555 154 632 uidem,
179 516 320 616 utalicna
337 559 461 632 ingessit
478 556 676 626 commonitio,
705 558 872 626 arridentis,
897 576 997 620 rerum
1020 579 1143 622 summae
1165 563 1321 641 aliquando

39 655 263 715 terturbationis
286 670 418 732 caussam
442 656 580 716 suturam.
990 668 995 684 “

89 777 244 817 ιιοιιιιοιι.
283 757 348 833 lpse
371 758 488 836 quidem
511 759 689 835 pertinacius
711 775 769 817 non
793 759 939 828 suadeb03
962 739 1014 820 sed
1037 762 1093 821 hoc
1116 762 1163 823 ille
1179 765 1320 842 sequitur,

39 864 56 915 t
78 857 227 917 diversam
250 842 405 931 laclionem
428 859 529 919 edictis
545 877 741 937 percursurus
756 861 886 929 videtur,
911 861 1121 922 interminatus
1142 861 1150 932 Ι
1171 861 1324 939 figffiffiffl'·

39 977 85 1017 ani
102 977 142 1017 ne
158 960 224 1036 quis
239 958 343 1018 deiude
359 967 425 1036 post
440 959 601 1020 Lutberum
617 961 726 1030 ¹videat,
749 980 897 1040 manuque
919 982 953 1023 ac
968 981 1029 1032 ore,
1053 966 1076 1022 si
1092 966 1202 1033 nescis,
1226 975 1326 1043 prote·

40 1065 120 1118 tatus
143 1067 219 1119 esta
241 1060 364 1120 Romani
386 1061 534 1120 Pontiticls
555 1060 687 1138 partibus
709 1067 853 1122 staturum
875 1081 906 1123 se
929 1071 1087 1141 perpetuo,
1111 1084 1327 1144 quemcumque

39 1178 55 1217 n
78 1167 234 1228 eventum,
265 1175 301 1220 eo
323 1177 442 1236 regna,
459 1179 531 1238 opes
554 1168 581 1221 et
604 1163 761 1239 potentiam
786 1182 902 1223 omnem
926 1183 1009 1224 suam
1033 1167 1249 1242 impensurum,
1273 1186 1324 1226 ne-

39 1279 84 1338 que
108 1276 265 1343 passurum
288 1279 327 1320 se
341 1262 521 1338 Imperatore
543 1262 587 1322 vel
611 1261 753 1341 tantillum
776 1264 813 1323 de
835 1264 1010 1326 authoritate
1033 1265 1108 1325 illius
1130 1285 1164 1327 ac
1186 1268 1325 1328 llomanae

39 1360 166 1421 Ecclesiae
188 1368 330 1437 potestate
352 1363 526 1423 inminutum
558 1364 604 1424 iri.
648 1363 732 1435 Quod
751 1364 920 1425 ‘videndum
944 1364 995 1426 tibi
1018 1368 1164 1435 existimo,
1193 1387 1230 1428 ne
1252 1369 1394 1427 trainam.

40 1481 59 1521 n
83 1471 114 1521 tc
138 1470 166 1522 et
189 1462 416 1538 indignationem
443 1474 585 1540 provoces
608 1453 671 1524 eius
697 1460 779 1524 cuius
805 1465 945 1542 gratulari
971 1467 1021 1527 tibi
1046 1470 1168 1546 gratiam
1192 1468 1292 1528 debes.

92 1583 295 1624 rnaucrscvs.
332 1563 401 1623 blilii
416 1563 478 1623 -alia
501 1564 588 1642 longe
611 1566 685 1624 ratio
709 1556 770 1625 es't:
796 1567 952 1628 videndum
977 1571 1053 1628 enim
1077 1576 1162 1648 puto,
1186 1587 1224 1628 ne
1247 1569 1325 1647 quod

39 1681 109 1725 runc
132 1664 297 1742 obsequor,
321 1664 356 1724 ad
379 1666 516 1725 iniuriam
537 1665 694 1744 aliquando
714 1663 756 1726 illi
778 1667 895 1737 redeat;
924 1676 953 1728 et
975 1668 1075 1729 diutis-
1097 1683 1105 1753 Ι
1127 1665 1326 1752 ξξᾟῗξζξξζξξξξξῗ·

39 1767 104 1824 rime
128 1756 324 1842 perseverabo
347 1784 405 1824 non
428 1767 526 1826 lacere
550 1766 627 1845 quud
650 1770 818 1828 nociturum
841 1768 882 1829 illi
904 1776 985 1830 certo
1007 1772 1081 1829 scio:
1105 1787 1172 1828 nam
1188 1787 1243 1846 pro
1258 1783 1393 1831 meniu.

42 1884 60 1924 n
84 1884 154 1926 eum
178 1866 235 1926 [ide
257 1884 315 1924 riou
338 1873 382 1925 est
404 1868 432 1925 in
456 1869 547 1945 ipsius
569 1868 708 1928 damnum
732 1869 854 1948 obsequi
877 1871 912 1930 ei.
944 1871 990 1930 iac
1013 1871 1156 1930 irascatur
1178 1870 1248 1929 mihi
1271 1888 1323 1929 au·

39 1982 106 2035 em,
137 1965 484 2045 (quanquamiacturum
508 1969 535 2028 id
559 1986 627 2029 eum
655 1987 693 2030 ne
720 1971 854 2047 suspicor
890 1970 1017 2050 quidem)
1045 1973 1189 2031 irascatur
1212 1978 1323 2037 tamen,
1359 1958 1360 1961 ¹

39 2068 190 2147 iliquando
213 2068 323 2128 amabit
345 2075 424 2128 tanto
447 2050 641 2147 magis'quod
670 2071 851 2131 iracundiam
878 2069 1014 2157 tulerim,
1043 2089 1059 2130 a
1090 2072 1242 2148 proposito
1264 2088 1322 2129 non

39 2170 206 2237 lellectens3
234 2177 305 2229 tunc
327 2177 398 2248 puto
421 2189 488 2231 cum
511 2189 542 2232 se
565 2172 611 2231 isti
633 2171 856 2247 cognoscendos
876 2171 1005 2252 dabunt,
1020 2166 1098 2232 vcum
1122 2187 1181 2230 non
1204 2168 1211 2237 Ι
1234 2189 1322 2226 ariano.

38 2272 99 2349 quid
123 2271 252 2331 dixerint
273 2272 324 2331 sed
347 2273 415 2350 quid
439 2271 583 2331 voluerint
612 2279 757 2350 emerget;
787 2272 836 2333 ubi
865 2272 982 2333 consilia
1013 2274 1099 2333 etiam
1122 2290 1225 2333 eorum
1248 2278 1321 2331 tem-

39 2389 84 2431 rus
106 2371 230 2448 prodet,
253 2373 315 2451 ipse
337 2391 407 2433 vero
429 2373 582 2433 manifeste
598 2375 656 2433 iam
671 2375 742 2434 sciet
758 2373 864 2453 quibus
879 2373 1036 2452 aliquando
1051 2375 1218 2451 paedagogis
1232 2391 1319 2451 quam

39 2491 88 2532 ron
113 2471 225 2531 utiliter
247 2472 470 2550 gubernandum
494 2492 525 2534 se
548 2474 717 2551 praebuerit.
762 2492 853 2552 quare
875 2475 917 2534 sic
939 2475 1009 2535 mibi
1025 2492 1175 2554 propono,
1198 2470 1205 2539 Ι
1227 2460 1390 2550 wlfinus.

39 2573 202 2650 impliciter
224 2581 253 2632 ct
274 2573 350 2633 bona
374 2567 430 2634 tide
453 2593 558 2651 gerere
581 2577 693 2644 omnia:
723 2582 752 2635 et
774 2577 831 2635 iam
855 2583 1007 2655 exspecto,
1038 2584 1069 2635 ut
1091 2592 1209 2635 mecum
1231 2591 1321 2650 expo·
1355 2608 1356 2611 =

39 2673 117 2735 itulet
139 2672 203 2742 ille,
227 2691 279 2733 cur
303 2674 486 2752 parteisbas
508 2676 641 2740 foveam:
667 2676 746 2754 quod
774 2695 841 2736 cum
863 2677 928 2746 liet,
956 2675 1176 2754 tumperbellc
1199 2673 1321 2734 reddam
1349 2696 1353 2713 2

39 2773 143 2835 tonsilii
165 2775 223 2843 mei
246 2777 404 2835 rationem:
436 2783 516 2836 certe
545 2778 678 2853 proiecto
701 2776 858 2855 aliquando
880 2796 938 2836 non
955 2777 1084 2856 obsequi
1107 2793 1255 2837 summum
1279 2781 1323 2833 est

39 2876 219 2954 obsequium.
255 2875 333 2954 quod
348 2877 372 2935 si
387 2883 445 2936 tam
462 2876 509 2937 ille
525 2877 613 2936 sciret
628 2872 709 2937 nunc
723 2879 792 2956 quid
807 2877 909 2938 iubere
925 2877 1038 2946 debeat,
1063 2896 1150 2955 quam
1174 2894 1229 2952 ego
1252 2874 1320 2953 quid

39 2976 98 3037 uile
122 2977 256 3036 futurum
272 2978 321 3046 sit,
346 2977 437 3046 video,
456 2995 519 3036 non
535 2978 694 3054 imperaret
708 2979 765 3038 iam
782 2997 847 3056 quae
862 2994 969 3055 magno
984 2978 1140 3055 aliquando
1163 2974 1170 3045 l
1185 2973 1321 3051 ἱζῖθῗξξῖυζῖ·

39 3076 67 3136 lli
91 3078 284 3137 incommodo
307 3082 408 3138 casura
432 3087 513 3139 sum:
537 3062 634 3157 itaque
657 3081 719 3156 ipse
741 3077 884 3157 impulsus
906 3085 965 3147 est,
989 3095 1044 3154 ego
1067 3078 1201 3154 despexi3
1226 3078 1320 3152 ipsum

39 3180 185 3238 iraesentia
208 3186 339 3248 movent,
367 3198 415 3251 me
444 3180 611 3240 lutumrum
640 3178 804 3265 sollicitudo
826 3186 913 3239 tenet.
960 3177 1057 3248 Quare
1080 3196 1139 3237 non
1161 3195 1268 3255 sequar
1291 3179 1320 3236 in
1331 3189 1349 3238 ι.
1358 3191 1390 3235 oo.

39 3298 164 3339 errorem
194 3298 277 3346 cum,
306 3280 364 3340 sed
387 3299 489 3339 errare
521 3279 809 3349 rolenti‘resistam,
837 3280 973 3359 daboque
1001 3298 1122 3358 operam
1145 3286 1173 3339 et
1195 3287 1201 3356 Ι
1224 3275 1319 3353 ξξῗῒξΜ

41 3368 190 3441 ublevabo
212 3379 329 3449 sedulo,
359 3399 454 3458 neqam
484 3400 614 3460 unquam
636 3382 734 3458 perire
757 3399 824 3441 eum
847 3382 953 3458 patiar,
977 3382 1072 3441 donec
1093 3399 1110 3439 a
1131 3379 1221 3440 tutela
1244 3378 1321 3439 salu·

39 3482 58 3542 is
88 3482 156 3541 eius
186 3482 212 3540 ri
239 3488 368 3542 amotum
396 3501 442 3542 me
473 3483 581 3541 videro.
627 3489 655 3541 et
684 3500 762 3542 nrrnc
789 3482 907 3561 quidem
935 3483 977 3541 las
1003 3500 1090 3542 omne
1113 3468 1321 3559 Christumque

40 3602 114 3644 eum
139 3600 176 3641 ac
198 3581 323 3643 celestis
345 3585 464 3662 spiritus
494 3584 644 3643 scientiam
675 3583 863 3643 contestabor
891 3585 1001 3661 optime
1027 3583 1152 3644 voluisse
1180 3602 1227 3643 me
1255 3583 1319 3659 ipsi,

39 3694 116 3764 tque
140 3685 333 3758 integerrima
357 3682 632 3752 consuluisse'iide;
656 3702 751 3761 neque
774 3684 884 3762 pigebit
906 3687 935 3743 iu
957 3686 1139 3762 paucissimis
1160 3683 1388 3749 nrrrnerari,§.ro.

39 3805 95 3847 um
121 3783 189 3842 illos
220 3783 324 3844 videbo
346 3782 429 3844 valde
446 3783 574 3852 multos,
606 3803 731 3862 quorum
755 3786 1007 3863 quotusquisque
1030 3793 1074 3845 est
1096 3786 1146 3862 qui
1168 3782 1319 3843 consilium

39 3907 80 3948 oc
106 3884 293 3952 adstrueret,
316 3886 371 3944 nisi
394 3886 553 3961 accepisset
575 3885 682 3964 aliquid
705 3886 742 3946 dc
765 3888 887 3964 pecunia
911 3904 998 3963 quam
1020 3887 1096 3945 Pon·
1142 3903 1320 3991 {mamm

39 3990 117 4049 licis
137 3986 257 4045 nomine
279 3985 398 4045 divisam
422 3986 485 4045 istic
508 3986 624 4046 lerunt?
718 4023 720 4027 «
1143 3994 1240 4033 ww·-

83 4105 242 4148 scontros.
280 4085 414 4164 Aliquam
436 4087 544 4146 icrunt.

84 4206 296 4250 aasumscvs.
333 4188 436 4264 Neque
457 4206 516 4246 uon
540 4188 648 4248 iactum
672 4188 815 4248 arbitror:
838 4205 906 4247 nam
929 4188 994 4266 quis
1016 4186 1070 4243 nisi
1093 4185 1135 4243 sic
1158 4188 1384 4258 corruptustu.

90 4341 97 4372 ¹
120 4339 217 4390 ,Verri
238 4343 261 4388 1.
330 4337 341 4370 ⁴
360 4338 404 4388 Cf.
418 4339 473 4389 vol.
487 4340 522 4388 ll.
537 4356 563 4404 p.
580 4339 619 4389 13.
634 4339 738 4388 udnott.
809 4336 820 4367 ὅ
843 4334 948 4401 vident]
969 4335 1117 4385 conveniat
1136 4333 1318 4383 conversandi

39 4442 120 4478 rusa.
175 4423 364 4472 ⁹videndumi
384 4425 408 4472 1.
462 4422 481 4454 ¹⁰
500 4423 657 4472 Hadrianus
676 4423 832 4484 insequenti
852 4436 924 4470 anuo
936 4421 1016 4468 Pout.
1030 4419 1102 4467 Mna.
1123 4418 1213 4466 iactus
1226 4417 1320 4465 Caroli

38 4550 45 4563 .
67 4513 277 4576 praeceptorem
301 4506 386 4563 inisse
410 4507 479 4556 satis
502 4512 595 4557 notum
620 4511 670 4556 est.
740 4501 762 4535 ²³
781 4502 1024 4562 Cic.Lml.24‚so.
1044 4501 1182 4562 „Molesta
1204 4501 1317 4561 venibis,

39 4594 161 4662 quidem
180 4608 213 4641 ex
232 4607 267 4641 ea
285 4591 410 4639 narseitur
427 4591 532 4651 odium,
554 4626 570 4639 ..
585 4591 633 4640 sed
651 4590 812 4654 obsequium
830 4588 915 4639 multo
934 4586 1084 4645 molestius,
1104 4583 1175 4650 quod
1192 4586 1319 4649 peccatis

39 4678 171 4741 ululgens
190 4676 363 4741 praecipitem
383 4675 501 4723 amicum
520 4674 586 4724 ferri
604 4674 697 4723 sinit''.
750 4671 773 4704 ³²
790 4671 878 4722 Puuci
896 4671 976 4732 boui,
995 4670 1074 4719 multi
1092 4668 1167 4719 mali.
1263 4666 1266 4674 ’
