3270 5430
392 387 441 436 111.
512 401 652 436 ursuvnvs
673 401 695 435 s.
715 400 797 437 ιω.
833 400 984 436 ciaconus.
1004 383 1092 450 (tota.)
1336 371 1379 441 61

152 574 284 617 casrvs.
324 555 360 615 Et
374 557 423 633 qni
440 557 505 614 rino
521 555 610 615 dediti
625 554 716 615 multa
732 572 809 631 smpe
825 554 946 614 tacenda
962 572 1015 632 per
1031 553 1202 613 ebrietatem
1222 554 1384 615 ellundunt.

152 676 321 717 ursnvnvs.
360 656 459 728 Qualis
482 658 567 716 etiam
592 657 645 716 luit
667 658 717 733 qni
741 674 850 733 pancos
872 662 940 714 ante
962 673 1054 714 annos
1084 656 1112 714 in
1141 655 1196 713 bac
1224 654 1289 714 aula
1321 665 1454 716 vor-itt.

87 764 173 815 satus
195 776 264 816 cnm
287 758 442 817 honestum
466 757 562 817 locum
587 757 723 826 baberet,
752 759 804 819 sed
833 777 886 836 per
917 756 1017 816 loxnm
1040 756 1210 833 prodigeret
1232 759 1329 816 omnia
1352 776 1386 816 ac

88 875 151 916 mre
173 856 270 917 alieno
293 858 486 926 obrueretur,
511 858 746 928 meretriculam,
771 860 854 920 cuius
875 876 976 918 amoro
999 857 1170 925 tenebatur,
1195 859 1323 934 equestri
1340 877 1387 917 or-

65 960 162 1018 ⁵dine
185 967 271 1019 uetus
294 961 420 1028 inveniS,
444 978 577 1021 uxorem.
590 961 687 1028 duxit,
711 960 819 1033 deinde
841 978 900 1019 non
922 967 1096 1037 suppetente
1111 958 1189 1036 qnod
1206 961 1389 1019 necessarius

90 1078 165 1119 usus
187 1060 370 1139 requirebat,
399 1060 601 1121 latrocinando
615 1063 711 1138 rmpit
733 1064 1014 1138 victnm'qumrerc,
1038 1079 1072 1120 ac
1094 1059 1212 1118 tandem
1236 1079 1302 1119 cnm
1326 1060 1389 1121 aliis

91 1160 259 1222 latronibus
282 1162 513 1239 comprehensus
536 1162 664 1222 carnifici
686 1163 843 1240 secandam
867 1163 1010 1221 cervicem
1033 1160 1168 1238 praeltuit.

159 1283 287 1327 cesrvs.
325 1263 362 1323 Ut
385 1265 483 1341 capio,
504 1263 552 1325 hm
574 1271 643 1323 sunt
664 1264 692 1322 in
717 1265 772 1323 isto
794 1264 868 1322 mari
890 1263 1005 1341 Syrtes,
1034 1261 1079 1321 bae
1102 1261 1221 1341 Scyllas,
1245 1261 1290 1323 hm
1313 1264 1458 1327 Cha-§.so

93 1365 211 1433 ribdes,
235 1384 293 1442 quo
316 1366 484 1441 navigantes
507 1364 563 1424 lioc
585 1365 673 1423 modo
696 1365 801 1425 deiecti
825 1371 958 1442 pereunt.

59 1479 84 1517 ¹⁰
163 1485 326 1526 mssvnvs.
365 1466 402 1525 Et
423 1466 631 1544 lestrygones,
668 1466 766 1535 Casto,
801 1485 835 1525 ac
863 1463 1017 1543 Cyclopes
1046 1466 1101 1542 'qni
1124 1466 1220 1524 statim
1249 1467 1388 1527 devorant

93 1567 132 1626 ad
156 1585 232 1645 qnos
254 1566 301 1626 ille
323 1575 355 1626 ut
376 1569 433 1627 scis
456 1567 644 1628 deferebatur
674 1585 768 1646 nuper
797 1569 847 1644 qni
875 1586 942 1627 cum
971 1575 1054 1644 pacta
1084 1547 1220 1626 mercede
1250 1570 1390 1647 principis

94 1670 162 1728 vitm
186 1667 387 1736 insidiaretur,
411 1667 532 1728 oonsilio
555 1676 721 1747 praeventus
745 1675 876 1728 extremo
899 1660 1042 1745 supplicio
1064 1668 1186 1727 allectus
1208 1676 1252 1727 est
1267 1676 1297 1728 ct
1312 1689 1389 1730 {ruric

94 1789 111 1828 a
134 1777 263 1847 quatuor
286 1769 432 1847 stipitibus
454 1770 616 1847 dependet,
646 1781 675 1831 ot
697 1788 784 1848 quem
807 1771 941 1846 proxime
963 1768 1068 1847 laqueo
1090 1769 1229 1847 suspendi
1255 1770 1387 1841 ridimns,

93 1871 176 1949 quod
199 1872 334 1930 aerarium
358 1869 551 1948 compilasset.

59 1982 84 2020 ¹⁵
161 1992 290 2033 casces.
330 1972 365 2032 Et
384 1990 474 2050 quem
497 1992 552 2049 ego
575 1971 632 2032 vidi
654 1972 769 2041 Ronrm,
793 1972 872 2050 qnod
895 1971 1016 2033 liberius
1035 1960 1197 2032 monuisset
1211 1975 1378 2050 pontificem

95 2077 193 2152 capite
216 2072 311 2152 plecti.
1000 2126 1001 2131 ,

110 2198 114 2206 ·
160 2186 325 2236 ursnvntrs.
364 2174 429 2235 Non
449 2173 512 2243 ille,
549 2176 648 2242 (laste,
682 2174 734 2234 sed
764 2176 839 2234 loric
866 2176 901 2235 ad
930 2174 1084 2258 scopulum
1108 2174 1286 2236 ollenderat:
1320 2185 1456 2259 suntin

95 2280 175 2338 enim
198 2272 313 2353 scopuli
334 2276 420 2335 etiam
444 2276 500 2336 boc
522 2277 551 2335 in
574 2278 662 2343 orari,
698 2284 782 2336 caute
805 2276 988 2343 transeundi,
1024 2295 1061 2335 ne
1090 2276 1208 2352 lraugcs
1236 2280 1331 2338 navim
1361 2288 1389 2339 ot

94 2397 215 2439 omnem
238 2374 329 2436 semel
351 2375 542 2438 substantiam
564 2378 680 2455 perdas.

57 2494 86 2532 ²⁰
161 2496 289 2540 cascos.
328 2477 364 2537 Et
386 2477 416 2538 bi
438 2479 595 2556 quisunt?

161 2598 327 2640 msnvuvs.
367 2579 448 2640 linus
470 2582 600 2640 omnium
623 2581 750 2641 maxime
772 2582 920 2650 citandus,
951 2581 1034 2641 luror
1062 2581 1215 2659 principis:
1249 2585 1390 2661 namqui

96 2684 156 2743 buc
179 2682 349 2758 impegerit,
383 2687 480 2741 actnm
510 2681 546 2741 de
576 2701 611 2742 co
642 2690 720 2759 puta.
767 2691 854 2762 atque
877 2682 957 2748 audi,
993 2683 1091 2750 Casto,
1126 2701 1184 2760 quo
1207 2684 1390 2760 potissimum

97 2782 232 2863 periculo
254 2799 407 2841 versemur
429 2782 507 2860 apud
535 2785 697 2871 principes:
732 2785 791 2843 sive
818 2794 847 2843 tn
875 2794 943 2844 tuns
969 2783 1019 2843 illc
1046 2783 1207 2844 conductor
1235 2783 1391 2861 benignius

97 2886 236 2964 respicit,
268 2883 372 2942 anxins
395 2900 427 2943 es
449 2884 555 2961 nequid
579 2885 710 2945 olicndas
739 2894 768 2944 et
795 2885 925 2945 favorem
954 2893 986 2945 ut
1016 2887 1158 2952 retineas;
1193 2884 1254 2944 sive
1280 2884 1334 2945 ,abs
1362 2873 1391 2946 to

58 2987 217 3054 uocatos,
241 3002 328 3044 antes
350 3003 385 3043 ac
407 3003 510 3045 manus
531 2983 618 3062 longo
641 2986 744 3054 lrabct,
769 2986 843 3047 bene
864 2988 971 3047 mereri
991 2985 1104 3052 studes,
1128 2984 1216 3062 idque
1235 2984 1389 3063 vigilando,
1415 3006 1419 3015 ·

96 3086 277 3154 laborando,
312 3085 523 3147 dnnrsnrsnm
545 3106 580 3147 ac
602 3088 740 3149 deorsum
763 3088 879 3154 volitas,
914 3088 983 3146 ilum
1013 3089 1105 3163 lrigns
1134 3104 1168 3144 ac
1194 3092 1297 3145 aestnm
1321 3088 1389 3158 ltere,

96 3175 169 3249 dnm
193 3189 280 3265 digna
296 3207 337 3276 ¹ac
361 3188 477 3266 indigna
500 3190 621 3265 pateris,
649 3190 719 3249 dum
742 3190 838 3248 omnia
862 3189 978 3248 conaris
1000 3207 1033 3247 ac
1056 3205 1133 3265 saepe
1157 3193 1259 3264 contra
1281 3187 1391 3248 ilumen

97 3298 197 3351 natas:
229 3293 266 3350 ita
289 3306 407 3369 semper
429 3289 581 3349 lassandus
602 3292 696 3357 venis,
726 3309 843 3368 semper
866 3309 900 3349 ac
922 3289 1051 3366 singulos
1074 3291 1103 3349 in
1126 3289 1187 3349 dies
1209 3289 1338 3348 deterior
1359 3292 1392 3349 fit

97 3393 240 3458 servitus,
264 3410 331 3453 cnm
354 3390 591 3451 tamenioterim
614 3393 710 3452 nescis
732 3410 767 3451 an
791 3392 854 3452 baec
876 3391 923 3451 ille
945 3391 1050 3449 sinitiat
1072 3397 1122 3450 aut
1147 3397 1295 3467 agnoscat.
1341 3393 1458 3468 quitos.

60 3497 123 3553 sosi
146 3496 220 3553 sciat
242 3494 327 3552 etiam
351 3499 491 3570 qnantum
515 3495 670 3561 merearis,
695 3512 753 3552 uon
777 3492 860 3553 lacile
882 3501 980 3553 tamen
1003 3493 1136 3553 concedit
1158 3510 1223 3569 qum
1248 3490 1284 3550 ad
1311 3498 1390 3551 tran-

167 3679 251 3729 ²hec
271 3676 345 3743 culn]
366 3680 547 3743 Mogontinu?
599 3677 757 3728 Quemne
776 3684 791 3728 5
810 3678 847 3739 (et
866 3680 922 3740 13).
953 3679 1079 3738 ,deinde
1097 3693 1168 3727 corr.
1181 3679 1218 3727 H.
1272 3677 1389 3743 ‘roqui-

99 3771 188 3825 reret‚
215 3763 372 3813 latrociniis
389 3764 476 3812 vitam
495 3763 639 3824 toleravit,
664 3765 723 3816 edd.
741 3780 790 3827 pro
809 3764 963 3828 quotidem
983 3778 1062 3826 marg.
1080 3764 1218 3826 adscripsit
1240 3762 1290 3812 bnt
1308 3764 1392 3826 lotro-

97 3848 265 3914 sinu-lcopit
282 3849 386 3897 rictum
402 3847 406 3912 Ι
423 3863 545 3913 querere.
565 3839 653 3916 quidm
670 3864 719 3898 sou
737 3851 932 3897 intellectis'tt.
951 3849 1021 3896 dedit
1045 3847 1210 3911 requireret,
1237 3846 1393 3898 latrociniis

101 3936 180 3999 cepit
197 3935 310 3992 victum,
331 3940 379 3983 etc.
450 3933 479 3965 ιθ
498 3932 651 3983 Choribdes
669 3937 760 3983 ⁸§.uec
782 3933 903 3982 corr.II.
932 3931 1087 3994 Clrerybdis
1104 3933 1155 3980 atu.
1227 3929 1248 3963 ¹⁰
1265 3931 1394 3982 Inmnnes

100 4021 299 4083 Laestrygones
312 4023 395 4081 etque
407 4016 545 4082 Cyclopes
565 4014 688 4081 [Juvenal.
702 4023 750 4065 snt.
764 4017 822 4068 XV.
839 4014 888 4077 18,
909 4016 971 4065 Geli.
985 4016 1043 4065 XV.
1056 4013 1109 4080 21],
1128 4015 1221 4065 ltoliae
1233 4015 1393 4080 Sicilimque

101 4109 203 4167 gentes
221 4117 283 4166 quae
302 4101 462 4166 corporibus
479 4101 607 4150 burnonis
624 4105 811 4150 vescerentur.
830 4101 896 4150 Ptin.
908 4102 944 4150 H.
960 4101 992 4153 N.
1006 4101 1067 4150 VII.
1081 4101 1133 4160 2‚a.
1174 4099 1194 4131 ¹¹
1212 4099 1253 4148 nd
1266 4114 1332 4164 qnos
1346 4099 1393 4150 ills

100 4192 133 4236 nt
150 4189 208 4237 scis
221 4187 258 4235 H.
289 4185 325 4235 sd
344 4201 413 4250 quos
431 4185 493 4248 ille,
517 4187 585 4244 scis,
604 4187 663 4235 edd.
733 4185 781 4234 ille
799 4170 830 4234 ut
848 4186 903 4234 scis
926 4182 986 4249 etc}
1010 4185 1183 4247 Nesci'o'ego
1201 4182 1324 4247 quidem,
1345 4183 1394 4232 sed

101 4271 212 4322 scelera
232 4270 278 4319 hic
297 4269 458 4333 significato
477 4285 492 4319 o
510 4270 649 4320 chronicis
667 4269 845 4334 historiisque
863 4268 1071 4319 Erfurtcnsibus
1091 4283 1124 4317 sc
1137 4267 1394 4330 Moguntincnsibns

100 4357 175 4407 band
194 4353 348 4404 difficulter
367 4354 494 4419 indagari
512 4369 591 4418 posse
612 4360 685 4418 puto.
706 4354 749 4403 Os.
762 4355 875 4405 Fortun.
888 4355 912 4413 ὅ.
926 4352 967 4401 m.
1021 4367 1107 4416 nuper
1126 4351 1187 4400 add.
1199 4352 1235 4400 Ht
1255 4347 1316 4412 (nou
1336 4351 1394 4414 13.)

101 4440 123 4473 ¹²
142 4435 309 4507 qnut.stip.]
330 4437 456 4503 patibulo
509 4436 530 4469 ¹⁵
547 4437 851 4502 pontifiecmomt's.13.
902 4434 922 4468 ²¹
942 4436 1018 4486 furor
1030 4439 1067 4486 H.
1087 4436 1128 4485 iro
1146 4436 1204 4485 edd.
1268 4431 1290 4465 ¹²
1308 4435 1395 4499 ‚Atqj

102 4522 485 4587 Iulianumlulianum.)
554 4519 667 4571 ”onim
683 4527 789 4585 postte
808 4520 907 4569 deun.
983 4518 1005 4551 ²⁵
1024 4521 1116 4570 aureis
1135 4517 1206 4583 (1...)
1219 4524 1244 4568 5.
1264 4519 1273 4567 i
1292 4520 1342 4568 del.
1356 4520 1392 4568 H.

101 4611 184 4676 ‚1qu
196 4612 232 4660 H.
286 4605 340 4639 Μ
354 4607 471 4656 Frustra
487 4605 598 4656 labores
616 4605 768 4670 inpendunt
785 4605 831 4669 qni
851 4604 967 4654 adverso
985 4605 1096 4654 flumine
1110 4610 1222 4653 nutent.
1253 4602 1296 4652 Cf.
1311 4603 1393 4669 Verg.

100 4697 200 4761 Georg.
215 4697 237 4746 1.
251 4693 312 4744 aot.
350 4689 547 4755 ”Somporlh
582 4688 708 4739 ”.Dnm
721 4690 780 4739 edd.
804 4689 1011 4755 ,cumeorum
1025 4689 1094 4750 (non,
1108 4695 1134 4737 ot
1147 4693 1190 4739 13.
1203 4687 1425 4750 dedit.Cum)·
