3210 5416
267 370 340 442 5⁷8
452 405 457 412 “
706 395 823 431 ntanodl
842 361 1114 430 Psennottiaunici.

265 532 405 633 personae.
436 556 575 628 quianon
598 555 661 611 odio
684 554 837 615 Erasinunm
866 554 913 628 qni
936 561 979 609 est
1000 562 1124 610 creatura
1146 553 1205 614 dei,
1235 553 1288 609 sed
1312 554 1379 608 odio
1402 552 1490 608 literas
1507 552 1543 606 be

267 661 328 705 nas,
351 643 422 697 sicut
444 641 495 713 ipsi
518 658 564 696 eas
586 648 695 701 vocant,
719 657 787 712 qiras
810 638 855 694 ille
878 638 997 713 plantat;
1026 646 1054 695 et
1074 639 1182 694 seducit
1204 655 1269 694 eum
1293 639 1356 693 suis
1380 636 1544 695 translationi·

269 729 319 784 bus
342 743 435 782 omncs
459 725 510 780 iam
534 726 645 780 iuvenes
664 725 815 781 studentes,
1204 716 1207 720 ⁴

139 870 147 880 ,
199 819 258 868 §.iu
332 811 578 867 ilocbstratus.
616 809 713 882 Utique
743 817 771 866 et
800 809 920 864 licitum:
949 808 988 865 sic
1015 809 1087 864 enim
1114 825 1168 882 ego
1198 808 1244 863 odi
1269 808 1404 865 ioannem
1426 807 1544 866 beurbiia

268 899 314 971 qui
338 905 426 952 tamen
448 895 536 951 dictus
559 894 610 950 luit
632 893 812 967 probissimus
835 893 874 948 vir
896 894 965 966 apud
989 910 1096 953 munes.
1120 902 1146 948 et
1161 893 1310 949 llartinurn
1326 894 1489 954 Lutberum.
1508 892 1559 946 ess

269 993 340 1039 trum
363 981 556 1039 Ravennatem.
585 988 612 1034 et
635 979 798 1048 Huttenum,
826 987 853 1033 et
880 976 973 1052 plures
996 978 1078 1038 alius.
1108 978 1171 1051 quia
1199 979 1302 1034 invidia
1334 977 1545 1034 stimularitinc

270 1084 358 1140 neque
381 1065 459 1139 potui
480 1064 571 1119 videre
594 1063 714 1119 ut·beue
735 1064 864 1119 docerent
886 1071 913 1118 et
935 1063 1094 1119 scriberent.
1462 1115 1464 1119 ,

200 1168 259 1217 tit.
332 1149 517 1205 Eduardus.
550 1147 662 1221 ¹Suria-ma
685 1166 864 1213 sumumrum,
888 1147 940 1204 boe
962 1157 1004 1203 est
1026 1156 1115 1203 votum
1139 1165 1242 1210 uicum,
1275 1156 1306 1202 ut
1331 1148 1466 1204 iaciamus
1484 1164 1546 1201 unsa

269 1253 364 1292 noram
386 1234 610 1289 constitutionem
632 1251 692 1288 crim
721 1232 864 1307 privilegio
887 1232 966 1307 Papae
995 1241 1022 1288 et
1045 1233 1233 1288 Universitatis
1257 1232 1439 1288 Coloniensis
1465 1243 1490 1286 ct
1509 1232 1546 1286 Lo

268 1320 415 1380 raniensis,
444 1335 477 1373 ne
499 1316 598 1392 aliquis
621 1317 792 1374 studentium
816 1319 841 1371 in
866 1317 1004 1373 matricula
1037 1317 1113 1375 almae
1142 1327 1247 1374 nostrae
1270 1318 1468 1373 Universitatis
1493 1328 1567 1388 quoe

268 1422 323 1478 urio
346 1403 426 1460 modo
450 1403 572 1463 struleat.
601 1402 642 1457 vel
665 1419 830 1476 praesumere
858 1402 963 1457 audeat·
985 1401 1090 1474 legere,
1117 1401 1225 1476 publice
1255 1402 1297 1457 vei
1328 1403 1456 1478 private,
1481 1417 1546 1474 opera

268 1489 378 1545 illorum
400 1505 532 1543 novorum
560 1497 716 1561 poetarum,
744 1487 795 1542 sub
823 1504 901 1560 prena
930 1504 975 1543 ser
1004 1504 1152 1542 marcarum
1180 1486 1240 1542 auri
1274 1496 1303 1543 et
1331 1487 1501 1562 expulsionis
1522 1485 1547 1538 ab

152 1584 156 1591 “
225 1589 228 1595 ·
269 1573 456 1631 Universitate.
500 1579 649 1646 praeterea,
687 1589 720 1627 ne
754 1570 858 1628 librarii
894 1571 934 1627 vel
965 1578 1108 1645 pressores
1133 1572 1227 1631 edant.
1264 1581 1413 1645 premant.
1442 1571 1546 1626 vendant

269 1652 425 1734 permutent
446 1656 486 1712 vel
511 1674 623 1730 quoquo
645 1658 725 1713 modo
748 1658 842 1712 inferri
864 1665 960 1713 curent
983 1656 1009 1712 in
1031 1655 1280 1729 nostracoliegia,
1305 1656 1360 1712 sub
1385 1674 1465 1730 prena
1484 1656 1548 1710 amis·

268 1743 354 1799 sionis
376 1742 531 1815 municipii,
554 1743 577 1797 si
601 1743 656 1798 sint
678 1740 789 1803 incolae,
812 1743 836 1797 si
859 1759 922 1798 uerri
945 1742 1078 1804 extranei,
1101 1741 1258 1796 aruissionis
1283 1742 1412 1797 oninium
1435 1741 1570 1796 libromnu

268 1836 296 1883 et
317 1828 449 1889 carceris,
478 1826 563 1884 ilonea
592 1844 621 1882 se
649 1826 781 1883 redimant
803 1843 849 1882 sex
870 1826 1008 1900 predictis
1036 1827 1134 1882 marcis
1156 1826 1231 1880 auri:
1256 1843 1321 1898 quae
1347 1844 1449 1882 marcae
1470 1825 1548 1881 mderr

267 1911 408 1969 debentia
424 1911 518 1967 liscum
534 1909 669 1967 facultatis
685 1910 868 1984 Tlaeoiogicae.
893 1921 922 1967 ut
938 1910 983 1966 ubi
1005 1919 1033 1966 et
1056 1911 1161 1984 qnando
1184 1928 1254 1984 opus
1279 1911 1369 1966 fucrit
1392 1913 1480 1967 iacere
1498 1926 1548 1965 con

270 1998 438 2054 vocationem
460 2005 555 2052 contra
578 1997 738 2059 interdices,
761 1996 883 2068 Magistri
906 1995 992 2053 nostri
1015 1996 1048 2051 de
1072 1994 1197 2052 facultate
1220 1995 1342 2052 habeant
1368 2013 1451 2052 unam
1467 1995 1547 2050 bonan

269 2083 376 2138 zecbam
399 2082 432 2137 de
454 2080 499 2136 illa
523 2081 644 2155 pecunia,

201 2175 259 2223 tu.
334 2167 578 2225 llociistratus
616 2165 663 2220 Est
685 2165 755 2224 bena
779 2166 887 2239 opinio.
911 2175 938 2220 et
960 2166 1000 2221 sic
1023 2166 1234 2239 oportetetiam
1250 2165 1321 2221 lieri.
1370 2166 1568 2239 Sequensrnas

268 2253 354 2335 gister
377 2258 471 2308 noster
487 2251 566 2310 Ecce.
589 2268 642 2323 ego
665 2251 732 2306 irene
755 2250 831 2322 video
855 2250 927 2322 quod
952 2250 1004 2305 illae
1020 2251 1125 2323 species
1140 2257 1285 2307 morentur
1302 2251 1330 2306 in
1348 2252 1443 2325 eapite
1459 2256 1547 2305 restro:

268 2336 363 2392 dicatis
386 2335 464 2406 nobp
488 2335 550 2406 quid
575 2352 621 2391 vos
643 2335 806 2408 speculastis
828 2329 922 2393 coalia
947 2333 1010 2392 ilios
1032 2344 1136 2409 poetas.

331 2420 461 2476 Eccins.
500 2417 567 2484 Quid
590 2418 716 2476 deberem
738 2420 846 2476 dicere?
869 2437 916 2475 vos
939 2420 1026 2477 facitis
1041 2420 1112 2476 sicut
1126 2420 1262 2493 pharisei.
1287 2422 1335 2494 qui
1354 2429 1547 2477 veneruntcun

268 2504 427 2562 llerndianis
449 2504 481 2559 ad
505 2504 662 2559 tentandum
676 2503 812 2560 Christum
834 2505 867 2560 de
890 2522 972 2560 oerisu
987 2506 1116 2564 Caesaris.
1140 2513 1168 2560 et
1189 2505 1326 2562 miserunt
1349 2523 1439 2561 unuin
1461 2502 1554 2578 quiln'

269 2597 400 2664 queretur
422 2606 472 2662 pro
495 2584 633 2652 omnibus,
662 2598 690 2645 et
712 2590 764 2649 lroc
786 2607 845 2644 eum
868 2588 914 2645 illa
936 2591 1070 2652 versutia,
1100 2597 1130 2645 ut
1159 2589 1181 2644 si
1205 2590 1342 2653 vinceret,
1374 2608 1470 2646 omnes
1490 2589 1569 2642 rides

271 2684 366 2733 rentur
389 2674 497 2735 vicisse,
527 2682 555 2729 et
583 2674 606 2729 si
633 2690 687 2730 noir
714 2675 846 2736 vinceret.
874 2674 948 2748 quod
971 2674 1071 2731 idcirco
1093 2674 1179 2746 etiam
1197 2675 1248 2749 ipsi
1272 2684 1372 2732 essent
1395 2676 1547 2731 immunera

202 2768 261 2818 t-tt.
272 2759 413 2815 scandalo:
436 2777 483 2813 ros
505 2759 638 2814 incitastis
661 2776 702 2814 me
719 2767 814 2816 contra
829 2759 986 2821 butherum.
1008 2759 1120 2816 nusistis
1136 2759 1200 2815 mibi
1215 2758 1319 2816 multas
1334 2762 1469 2838 missivis,
1489 2755 1548 2831 quod

232 2860 234 2874 ¹
271 2846 335 2919 qrria
357 2861 408 2918 ego
431 2861 491 2900 sum
513 2843 581 2900 beuc
604 2845 686 2899 tritus
709 2844 734 2899 in
763 2843 852 2917 parvis
879 2842 1056 2917 ingualdus,
1082 2852 1110 2900 et
1133 2845 1159 2899 in
1181 2844 1482 2918 copulatisli'inctoris
1501 2858 1546 2897 na·

270 2931 420 3003 gistrorum
441 2929 475 2984 de
497 2928 579 2986 Bursa
602 2928 706 2989 lineali,
734 2937 762 2984 et
789 2929 817 2983 in
845 2928 958 3003 reliquis
984 2929 1118 2986 doctrinis
1145 2929 1231 2985 sacris
1257 2929 1411 2987 (lectorum
1433 2927 1544 2986 ecclesie.

271 3014 396 3070 vilelicet
418 3012 562 3072 Scotorelli
586 3022 614 3069 et
635 3013 777 3069 Alexandri
800 3013 832 3069 de
855 3012 917 3068 dies
940 3023 967 3070 et
989 3013 1138 3087 Landulpbi
1166 3023 1233 3075 etc..
1260 3015 1314 3070 sed
1342 3016 1398 3071 iam
1427 3014 1484 3088 qiua
1504 3018 1573 3080 cat!

271 3100 337 3155 nibil
362 3099 463 3173 proieci
486 3107 513 3154 et
536 3117 578 3155 me
601 3098 807 3172 permerrlnstis,
833 3105 897 3155 tunc
918 3098 1062 3155 abtrabitis
1084 3115 1190 3155 inanum
1207 3107 1235 3154 et
1249 3101 1419 3172 permittitis
1434 3116 1473 3155 nte
1487 3106 1544 3151 stare

273 3185 298 3238 iu
322 3185 443 3239 murdro:
468 3181 531 3256 qnid
555 3201 621 3256 ergo
643 3182 769 3239 deberem
789 3183 867 3238 robis
890 3183 1049 3240 consulere?

322 3442 667 3515 ²³ntasth.xx11.15.sqq.
708 3447 730 3483 ²⁸
743 3447 891 3516 Tinotoris]
904 3452 1026 3511 Ioannis,
1033 3450 1153 3501 theobin
1166 3451 1245 3501 acad.
1258 3451 1359 3520 Goion.
1367 3454 1404 3503 D.
1419 3460 1447 3504 et
1458 3450 1543 3518 pretet

274 3549 336 3583 can.
351 3534 419 3583 eccl.
433 3534 628 3596 Tornaccnsis‚
649 3536 695 3599 qui
714 3536 804 3585 medio
823 3537 881 3585 iere
900 3551 965 3586 saec.
978 3536 1035 3585 XV.
1049 3537 1121 3585 inter
1138 3536 1209 3587 alios
1232 3536 1322 3586 libros
1345 3539 1508 3603 quaestioncs
1522 3535 1559 3581 iu'

213 3666 215 3670 .
272 3618 328 3667 lIlI
342 3617 409 3690 libb..
424 3619 622 3667 sententiarum
636 3626 664 3668 et
676 3620 863 3670 dissensiones
876 3620 902 3669 d.
916 3621 1028 3670 Thomas
1046 3629 1074 3670 ct
1087 3621 1162 3671 Scoti
1179 3622 1303 3686 scripsit.
1324 3622 1369 3672 cf.
1383 3625 1511 3689 Foppens.
1522 3622 1543 3666 cl

273 3702 380 3752 Iticber.
401 3700 455 3751 Sed
468 3706 564 3752 extant
577 3704 660 3753 etiam
672 3704 782 3754 Nieoiai
797 3705 914 3755 alicuius
925 3705 1339 3768 TinetorisGuntzsnhnsensis,
1351 3707 1381 3756 in
1395 3704 1543 3758 unierun-

273 3788 396 3854 regcntis
409 3803 442 3837 ac
461 3788 629 3849 comisantis,
650 3789 721 3853 apud
741 3788 803 3839 ilios
821 3804 875 3840 non
895 3791 1046 3852 memorati,
1060 3791 1145 3840 Dicta
1162 3805 1245 3855 snper
1257 3792 1412 3842 summulas
1424 3792 1494 3842 Petri
1505 3788 1540 3838 Hi·

273 3874 366 3939 spani‚
386 3871 544 3937 opusculum
563 3873 711 3923 secundum
730 3873 904 3924 subtilissimi
922 3874 1042 3926 doctoris
1056 3876 1167 3926 Ioannis
1180 3875 1258 3925 Scoti
1275 3877 1353 3926 viam
1373 3877 1539 3943 compilatum

274 3959 357 4008 Hain.
372 3973 398 4007 n.
414 3955 502 4006 15528.
557 3956 578 3989 ²⁹
595 3958 691 4008 Koaek
705 3961 728 4008 1.
736 3964 760 4008 2.
776 3960 834 4023 (pro
847 3959 943 4023 Kuijk)
958 3961 1054 4010 Kneck
1074 3947 1139 4011 luas
1150 3967 1175 4010 et
1188 3963 1215 4011 3.
1235 3959 1273 4023 (ut
1286 3965 1372 4012 solent
1385 3963 1453 4028 Epp.
1466 3961 1491 4009 O.
1505 3954 1540 4016 ἢ)

274 4041 296 4074 ³⁰
309 4037 465 4106 Scotorclii]
479 4041 577 4093 Petrus
595 4042 628 4092 de
641 4043 742 4108 Aquila
755 4043 943 4109 s.Aquilanns,
959 4043 1015 4095 ord.
1028 4045 1124 4095 Minor.
1138 4049 1167 4095 et
1184 4045 1269 4111 episc.
1283 4060 1306 4120 ⁸:
1320 4047 1423 4113 Angoli
1436 4049 1463 4096 in
1474 4055 1540 4109 reguo

274 4128 361 4192 Neap.
375 4123 445 4177 vixit
468 4141 531 4177 saec.
546 4128 617 4177 XIV.
639 4129 752 4180 ‘Ductor
774 4129 924 4180 sufficiens*
949 4129 1116 4194 adpetimus,
1142 4130 1382 4195 anctor'ScotelIa',
1407 4126 1539 4197 compendii

275 4212 407 4262 ‹loctrinae
426 4211 517 4273 Scoti,
541 4212 655 4278 repetiti
672 4211 898 4265 acrasitanae
924 4213 1042 4278 Scripsit
1060 4215 1143 4265 ctiam
1161 4230 1244 4280 super
1260 4216 1428 4282 Magistrum
1450 4219 1538 4267 senten

275 4297 375 4346 tiorum
393 4296 489 4359 (Hain.
502 4312 529 4348 n.
544 4295 617 4349 1324.
630 4296 684 4361 sq.)
698 4302 727 4347 et
738 4298 915 4364 Aristotelem
933 4299 967 4349 dc
986 4300 1087 4349 anima.
1106 4299 1152 4349 Cb
1163 4300 1276 4350 Fabrie.
1289 4300 1359 4351 bibl.
1373 4302 1443 4352 med.
1461 4306 1487 4351 et
1500 4295 1536 4347 inl

185 4443 191 4456 ο
276 4384 319 4429 aet.
333 4380 365 4428 V.
379 4395 404 4443 p.
418 4378 476 4431 713.
499 4385 502 4393 '
527 4379 1404 4451 Alcmdcdies]Doctorisirrefragabilis.Ci.roi.1.p.178.
1438 4379 1536 4437 Landul·

274 4462 331 4529 phi]
355 4479 409 4513 non
427 4463 618 4527 Cartlrnsiani,
643 4471 721 4532 puto,
745 4468 793 4517 sed
811 4469 939 4518 Landnlii
958 4468 1126 4530 caraccioli,
1146 4468 1222 4519 Secti
1238 4467 1392 4534 'auditoris,
1412 4469 1533 4522 ommim

275 4553 373 4613 posteo
386 4547 507 4615 archiep.
526 4550 693 4612 amalfitani,
715 4552 760 4616 qui
774 4553 851 4602 circa
864 4553 934 4605 med.
947 4569 1012 4608 soec.
1025 4555 1095 4604 XIV.
1110 4555 1139 4603 in
1151 4553 1218 4604 libb.
1233 4553 1448 4618 Sententiarum,
1466 4548 1533 4615 Quid

212 4653 215 4657 ·
275 4631 364 4681 libata
386 4631 568 4697 scholastica,
593 4635 652 4686 alia
675 4637 794 4701 scripsit.
811 4637 868 4697 ‚Cb
882 4639 992 4690 Fabric.
1006 4638 1025 4688 l.
1040 4656 1064 4690 c.
1078 4640 1125 4690 IV.
1138 4656 1163 4704 p.
1178 4638 1237 4688 704.
1251 4655 1291 4704 sq.
1362 4640 1383 4674 ³¹
1408 4635 1532 4691 atuaticis

274 4731 366 4767 omues.
418 4716 589 4783 permittitis]
607 4738 641 4762 =
658 4722 763 4782 sinitis,
783 4721 949 4788 relinquitis,
1001 4724 1024 4758 ³²
1042 4725 1134 4775 morde
1153 4728 1179 4774 ³.
1251 4740 1264 4766 ι
