3188 5422
291 389 547 425 autumnitanus
566 390 601 425 ott
620 361 706 425 Olll'l'V
727 391 798 426 tvnti
818 391 841 424 1¹.
857 390 884 434 ld.
937 388 1141 424 Α.Β.Ιί,1).ΧΙΙ[,
1281 361 1353 429 447

127 546 248 603 lulius.
287 546 355 603 Sunt
383 548 429 621 qui
456 548 650 604 continuentur
678 549 700 603 si
730 547 825 609 velint,
854 564 904 604 neo
934 547 973 601 eis
996 546 1184 620 prohibemns.
1217 547 1298 604 modo
1321 565 1354 603 uo

57 631 156 687 «licant
177 633 304 688 aduersus
327 631 494 688 maiestatem
517 641 647 689 nostrum.

126 717 261 772 Petrus.
299 716 367 783 Quid
389 717 493 790 igitur?
822 758 826 768 .

126 800 251 858 lulius
285 799 352 868 Quid
368 801 484 873 igitur?
506 802 560 857 Cur
581 801 693 876 regibus
715 803 795 859 dutur
818 800 946 874 quiequid
969 800 1126 873 exegerint,
1155 800 1207 855 uisi
1230 801 1293 874 quia
1309 800 1422 857 hister

31 895 202 960 susceptum
223 885 347 963 referunt
369 886 497 960 quicquid
520 887 673 960 possident,
704 887 783 943 etiem
807 886 830 941 si
861 882 928 942 uihil
957 886 1136 958 acceperuut?
1167 885 1203 940 ita
1227 886 1354 959 quicquid

56 978 103 1029 est
126 971 196 1027 socri
219 988 349 1044 uuquam.
373 970 452 1026 nobis
476 971 661 1044 imputandum
684 979 739 1033 est,
763 971 869 1026 etiamsi
886 978 970 1026 totum
986 979 1132 1025 stertmnus
1147 969 1235 1025 vitum.
1271 988 1354 1043 quen·

57 1073 141 1128 qnam
165 1064 265 1149 praeter
288 1055 339 1110 ista
361 1054 513 1149 largissime
535 1056 677 1122 douunrns
689 1054 872 1127 indulgentias
902 1057 997 1127 exigna
1028 1054 1184 1127 pecuniola,
1214 1055 1353 1128 dispensu-
1424 1047 1426 1051 ’

58 1140 163 1195 tioueru
186 1140 213 1195 iu
235 1138 316 1195 rebus
338 1140 504 1212 gravissimis
527 1157 581 1195 uon
605 1141 718 1196 inanime
740 1157 857 1209 summu:
880 1140 980 1214 passim
1004 1138 1129 1196 omnibus
1145 1139 1231 1194 obviis
1246 1139 1355 1195 benedi·

56 1225 162 1285 cimus,
186 1225 266 1297 idque
288 1225 382 1298 gratis.

21 1321 49 1361 te
125 1309 259 1364 Petrus.
298 1308 425 1382 Equidem
448 1308 516 1364 uiliil
538 1309 636 1365 horum
658 1236 792 1381 intelligo.
838 1309 884 1364 sed
909 1285 972 1364 redi
995 1309 1028 1364 ud
1052 1308 1076 1363 id
1100 1310 1172 1381 quod
1195 1309 1421 1364 instituturum.
1452 1330 1456 1337 ·

57 1402 134 1449 erut:
158 1392 333 1466 quamobrem
358 1401 417 1448 tua.
425 1394 595 1450 sanctissime
617 1394 744 1449 maiestas
769 1402 911 1467 tantopere
933 1393 1066 1449 Burburus
1096 1393 1220 1454 horrent,
1251 1403 1281 1449 ut
1302 1411 1354 1450 ouo·

57 1477 117 1533 luni
141 1486 220 1534 terrae
242 1478 408 1534 miscendum
428 1479 550 1540 (luseris,
574 1496 628 1552 qrro
652 1478 714 1534 illos
737 1478 770 1534 uh
793 1478 867 1534 ltaliu
890 1476 1060 1551 depelleres?

124 1562 245 1617 lulius.
282 1563 385 1625 llionm;
408 1563 632 1637 superstitiosum
654 1571 696 1618 est
718 1581 778 1618 cum
796 1580 874 1619 ontue
889 1562 1068 1618 Buritanorum
1085 1581 1185 1656 genus,
1211 1571 1266 1620 tum
1282 1580 1353 1635 prae-

56 1647 139 1721 cipue
162 1645 313 1703 Gallorum
344 1665 403 1703 narn
431 1665 492 1704 enni
515 1647 640 1722 Hisponis
670 1665 724 1703 nou
747 1648 863 1721 pessime
885 1647 964 1707 uobis
986 1648 1126 1709 convenit,
1156 1647 1211 1702 sive
1233 1646 1353 1721 lingnam

22 1744 47 1784 rs
57 1741 184 1806 spectes
206 1732 261 1788 sire
284 1749 388 1796 rnorem
411 1750 564 1806 quanquam
587 1733 637 1797 lios
660 1750 770 1806 qnoque
792 1733 934 1791 submotos
956 1731 1089 1794 volebam,
1114 1749 1169 1805 quo
1192 1749 1305 1805 prorsus
1320 1731 1349 1786 lr

56 1825 134 1874 eeret
157 1833 232 1872 more
254 1825 349 1872 uestro
371 1835 460 1890 agere.
541 1848 543 1852 >

123 1902 256 1957 Petrus
294 1900 392 1977 Colunt
414 1910 516 1975 praeter
537 1901 673 1956 Christum
695 1911 723 1957 et
745 1901 813 1957 ulios
834 1901 917 1958 deos?
1358 1906 1419 1956 999.

122 1984 246 2043 lulius.
284 1986 366 2042 lrumo
389 1986 554 2041 Cluisturu
547 2004 635 2060 rpsnm
659 1987 736 2042 nimis
760 1986 836 2041 arusie
858 1981 965 2042 colunt:
994 1986 1113 2059 antiquis
1143 1986 1303 2061 quibusdum
1326 1995 1353 2042 et

56 2070 217 2145 iampridem
248 2069 380 2127 obsoletis
408 2070 546 2127 vocabulis
570 2072 667 2127 mirum
690 2079 733 2127 est
755 2088 844 2145 qnam.
858 2071 943 2128 nulline
966 2071 1089 2126 homiues
1112 2069 1267 2126 stultissimi
1284 2083 1352 2144 'per-

19 2163 228 2211 romoveautnr.

122 2240 256 2296 Petrus.
292 2231 374 2296 l'orte
396 2240 527 2313 magieis?

122 2323 242 2379 lulius.
280 2323 848 2399 Nuguris.im1uosimonia,lrlnspliemin,
872 2326 1007 2388 zodorum,
1032 2324 1174 2394 veneficio,
1199 2320 1351 2398 sortilegio.

121 2409 257 2465 Petrus.
295 2410 368 2465 Boua
389 2409 486 2465 verba!

121 2492 242 2548 lulius.
280 2494 374 2550 itidem
396 2503 427 2550 ut
451 2503 480 2549 tn
503 2511 575 2550 nunc
597 2493 774 2556 abominaris.
798 2503 826 2550 et
849 2495 902 2550 isti.

21 2591 48 2631 re
124 2578 258 2634 Petrus
296 2579 397 2635 Omitto
420 2580 600 2642 eorummet
629 2595 672 2635 res
700 2587 764 2635 suut
786 2581 856 2653 apud
879 2598 940 2642 vos,
971 2587 1001 2635 ut
1023 2596 1056 2636 ue
1078 2581 1163 2636 iliram
1186 2580 1255 2653 opud
1280 2579 1351 2636 ullos

55 2662 244 2720 Christianos?

120 2747 243 2804 lulius.
280 2749 349 2806 Saue
372 2748 481 2804 Barbari
511 2767 564 2804 nou
594 2749 647 2822 ipsi
676 2757 768 2805 vucuut
797 2749 883 2810 vitiis,
914 2749 960 2805 sed
988 2766 1049 2804 oum
1079 2749 1192 2805 diversis
1215 2748 1410 2821 lenerents-⁰
1414 2783 1419 2795 ·

57 2841 154 2889 nostra
177 2842 351 2896 execrantur,
375 2833 432 2896 suis
456 2832 645 2897 blandientum
668 2851 718 2898 uos
741 2842 836 2889 contre
852 2834 955 2890 nostris
972 2832 1137 2895 blandimur,
1162 2832 1270 2889 illorum
1286 2832 1351 2888 alto·

57 2918 205 2983 minumum
234 2935 284 2974 nos
311 2917 519 2983 abominandum
549 2917 680 2992 probrum
702 2919 824 2974 ducimus
853 2935 883 2974 eo
906 2936 955 2991 per
977 2919 1017 2973 lus
1040 2918 1169 2991 uetusque
1193 2917 1351 2990 fugiendum

23 3011 261 3078 ”paupertatem
290 3003 329 3058 illi
352 3003 394 3057 vir
414 3021 477 3059 esse
499 3002 681 3060 Christianum
703 3003 857 3059 existimant
880 3001 978 3077 opibus
1001 3002 1069 3064 lrui,
1099 3001 1140 3057 vel
1170 3002 1227 3057 sine
1243 3001 1350 3057 -lrunde

57 3086 198 3161 quaesitis
220 3105 272 3144 uos
294 3087 453 3144 ebrietatem
476 3105 525 3144 nee
543 3088 687 3144 nominare
709 3089 839 3144 audemus
861 3087 1025 3161 (quanquam
1041 3087 1091 3142 lieo
1106 3087 1214 3159 quidem
1231 3086 1258 3141 in
1273 3095 1351 3159 purte

57 3190 112 3228 non
136 3173 172 3228 itu
196 3172 369 3228 vehementer
389 3171 500 3227 abillis
521 3172 725 3236 dissentiamus,
749 3173 771 3228 si
793 3181 886 3228 cetero
906 3170 1085 3243 conveniunt),
1108 3179 1135 3226 ut
1149 3170 1276 3227 Germani
1291 3170 1349 3225 leve

57 3265 157 3331 putent
180 3265 299 3313 erratum
322 3266 349 3313 et
372 3257 498 3313 festivum
526 3258 612 3330 magis
641 3275 720 3331 quum
748 3257 923 3320 sceleratum
952 3274 1062 3313 usurum
1090 3257 1263 3312 veliementer
1285 3272 1350 3315 exe·
1361 3256 1419 3306 999.

55 3350 170 3397 ιιιιιῑιιι
192 3341 245 3404 illi,
275 3351 303 3397 ut
330 3343 401 3416 opud
429 3359 480 3398 uos
503 3340 610 3398 nullum
639 3342 779 3398 homiuum
808 3359 895 3415 gouns
924 3358 1001 3416 aeqne
1024 3341 1205 3398 necessarium
1227 3339 1349 3396 ecelesiis·

28 3423 175 3490 &Christk
204 3425 333 3483 Venerem
362 3428 559 3500 praeposterum
588 3443 674 3500 nsque
703 3428 770 3483 adeo
794 3445 918 3501 spurcum
940 3427 1042 3483 ducunt
1065 3426 1118 3492 illi,
1148 3434 1179 3482 nt
1201 3425 1287 3499 siquis
1310 3423 1351 3479 vel

56 3512 180 3571 nominet
203 3511 296 3573 inodo,
319 3520 348 3567 et
369 3529 459 3568 aerem
482 3519 509 3566 et
532 3511 618 3568 solem
641 3511 796 3567 existiment
817 3511 918 3585 pollui,
949 3512 1027 3568 uobis
1051 3511 1132 3584 longe
1155 3511 1289 3567 sententia
1303 3510 1351 3564 dt-

56 3613 133 3652 rersa
156 3605 215 3659 est;
244 3596 308 3665 item
331 3591 462 3652 ‘simonia'
484 3596 537 3652 ium
560 3596 662 3653 olima
684 3613 774 3652 rernm
797 3605 894 3653 uotum
916 3596 1051 3652 sublatiuu
1074 3595 1249 3656 vocobulum.
1278 3593 1352 3650 velut

54 3675 181 3741 umbreru
202 3681 289 3736 udliuo
311 3681 458 3737 formident
480 3680 531 3742 illi.
555 3679 591 3737 et'
605 3680 758 3754 antiquatas
781 3682 833 3737 iam
855 3689 975 3736 veterum
999 3681 1074 3753 leges
1096 3681 1232 3736 mordicus
1248 3686 1349 3741 tenent,

55 3781 107 3821 uos
130 3760 185 3821 ulio
208 3775 370 3839 spectamus.
414 3774 496 3839 etque
519 3766 672 3823 huiusmodi
687 3766 829 3840 permulto
852 3773 916 3822 sunt
931 3764 997 3828 ulia,
1020 3765 1162 3837 inquibus
1186 3760 1280 3840 [uobis
1296 3780 1350 3820 non

124 3945 133 3979 ¹
154 3948 354 4005 concionentur
371 3950 612 3998 mennonium.
662 3949 701 3997 eis
721 3950 859 3999 991919.
880 3962 927 3997 eos
941 3949 1066 3998 93911.
1119 3961 1153 3994 ne
1173 3945 1238 4008 qnid
1256 3945 1281 3993 d.
1295 3947 1350 3994 2.3.

53 4034 198 4084 981919
257 4030 269 4065 9
286 4032 390 4098 igitur?
408 4034 477 4082 ornis.
491 4036 560 4082 919.
618 4031 629 4062 9
647 4033 770 4082 referunt
788 4033 904 4098 singuli,
924 4048 949 4096 q.
963 4029 1084 4095 (singuli.
1099 4044 1124 4093 q.
1138 4029 1176 4092 5.)
1195 4025 1349 4081 2.3“.98.19

53 4115 161 4180 singuli
181 4132 206 4181 q.
222 4119 262 4167 19.
317 4117 428 4171 etiamsi
446 4116 516 4166 nihil
535 4117 570 4166 ub
589 4115 646 4166 itlts
665 4117 1048 4182 occeperint.2.3.5.8.11.15.
1105 4114 1248 4176 ‘nsquam
1266 4116 1349 4162 2.3.5.

44 4203 170 4251 81919
240 4201 503 4267 'dispensationem
522 4204 589 4251 910.
608 4201 799 4266 dispensamus
817 4203 1015 4252 99991919.
1086 4194 1218 4262 ¹¹1tatia]
1239 4195 1308 4246 telin
1326 4200 1352 4245 2.

52 4283 267 4350 depellersllo.
309 4284 329 4317 ¹³
348 4285 571 4351 Superstiliusine
583 4287 709 4335 99911.
751 4281 802 4315 9999
820 4285 900 4335 uobis
912 4285 1012 4335 liceret
1024 4282 1221 4334 99991919
1261 4278 1353 4337 ”ota-

54 4366 191 4434 l'plioe‘mie
211 4373 238 4419 3.
255 4433 257 4437 ‚
277 4370 403 4421 zodomin
422 4372 545 4420 1.3.8.11.
565 4369 694 4419 Sodomis
711 4371 737 4419 2.
757 4366 879 4419 sodomia
891 4373 1003 4419 91919.
1056 4363 1079 4397 99
1097 4371 1126 4416 nt
1143 4368 1212 4417 nuris.
1226 4368 1352 4418 2.3,8.11.

53 4459 86 4504 ιι9
103 4458 175 4506 orme.
189 4455 386 4505 99981919
449 4452 472 4497 97
490 4454 673 4504 91999938.
726 4453 944 4504 laboratorum.
990 4451 1038 4485 ’99
1055 4452 1252 4502 ructuasse
1272 4450 1352 4499 exiet.

54 4541 255 4588 93....981119
325 4535 703 4599 9ι1ιιιοιι9ιιιιιι239811
709 4542 749 4588 19
812 4537 867 4570 9997
885 4537 1289 4588 diversssentmnmo
1310 4538 1354 4583 est

53 4621 716 4683 omn.³⁷s1montomtna1.10.e2...35
786 4619 808 4653 99
827 4624 1021 4710 untiquitas5.
1041 4622 1212 4684 antiquus&
1233 4613 1352 4684 outiqui·

53 4710 160 4761 99919
208 4704 231 4737 99
249 4706 364 4758 nobis..
367 4710 439 4756 ‚tem
458 4705 576 4756 rrondolr.
590 4709 659 4754 1..10
