3232 5422
262 365 334 436 386
499 379 548 428 XI.
618 393 779 428 33333333.
850 392 990 427 ninnoovs
1009 393 1195 429 avaraurcvs.
1222 377 1307 441 (maoz)

260 567 416 610 manorum
439 549 568 609 exercitu
591 554 618 606 et
641 545 857 606 in‘libertatem
871 546 990 607 adserta
1009 547 1118 623 patria,
1142 565 1210 606 cum
1226 544 1322 607 cades
1337 548 1448 624 passim
1464 547 1542 613 lieret,

259 648 432 726 ffllfipmffl*
456 644 463 731 Ι
491 650 519 708 13
556 647 634 708 solos
665 649 829 708 causidicos
866 647 1007 725 singulari
1036 648 1163 726 quadam
1192 649 1345 709 ferocitate
1380 648 1545 733 saeriendun

260 751 424 810 duxerunt:
447 748 583 810 ridebant
605 750 682 809 enim
705 768 721 808 a
745 749 963 827 quibusquam
986 750 1186 827 indignissime
1209 751 1287 827 passi
1310 751 1449 810 iniuriam
1465 748 1546 810 etad·

211 844 213 847 ’
259 851 329 913 llicti
351 859 465 921 essent,
494 852 605 928 optimc
628 852 657 911 in
680 850 734 911 lios
756 853 820 911 iure
842 851 998 911 saevissime
1023 850 1332 911 animadvertendum:
1364 849 1547 930 quamobrem

260 955 365 1013 excisis
386 951 557 1013 rabularum
579 952 748 1030 ubicunque
771 953 879 1012 inventi
901 958 1015 1020 essent,
1050 951 1158 1028 linguis
1183 960 1212 1012 et
1241 953 1378 1011 consutis
1391 986 1393 991 .
1406 955 1444 1012 ita
1466 950 1561 1011 1313133

260 1053 317 1116 lale
340 1054 487 1132 quidpiam
512 1053 747 1121 adiremuerunt,
772 1051 908 1113 ‘tandem'
932 1055 1097 1131 inquientes
1128 1052 1272 1121 sibilare,
1295 1054 1414 1130 vipera,
1430 1052 1547 1134 ¹desine!

191 1176 258 1223 §.roe
324 1175 502 1217 unuoaron.
540 1154 625 1225 Quod
655 1161 822 1215 monentem
852 1163 881 1213 te
908 1156 1019 1214 utinam
1046 1155 1248 1233 equanimiter
1275 1154 1399 1214 audiam
1421 1155 1552 1215 Germani

259 1252 423 1330 ffssfflqpffi
439 1251 454 1338 Ι
477 1273 595 1323 omnes,
630 1264 659 1316 et
681 1273 806 1333 quornm
830 1273 977 1315 summum
1000 1256 1045 1315 ius
1068 1273 1180 1315 summa
1210 1261 1258 1315 est
1283 1257 1408 1324 iniuria,
1444 1258 1546 1316 uniru-

190 1364 192 1368 ’
259 1374 325 1417 sum
353 1375 403 1416 eos
431 1356 566 1417 aboleant
593 1366 622 1417 et
650 1359 810 1435 extirpeut,
843 1376 878 1417 ac
905 1347 1020 1417 misera
1040 1356 1163 1434 patriam
1192 1355 1269 1419 hanc
1300 1348 1498 1436 oppressione
1524 1356 1546 1416 ll·

259 1458 372 1518 berent
1553 1468 1568 1506 u

192 1582 287 1631 uun
324 1578 524 1622 3333313333
563 1560 679 1622 Utinam
703 1559 822 1638 quidem
844 1559 964 1619 faciant!
987 1559 1038 1619 sed
1061 1566 1159 1619 tamen
1182 1562 1280 1620 minus
1297 1559 1545 1620 adbuonoxiaest

209 1662 394 1740 improba
418 1660 581 1721 scribarum
605 1662 663 1720 et
656 1651 945 1721 autscarisuttorum
953 1661 1048 1728 natio,
1072 1679 1160 1739 33333
1182 1669 1251 1722 sunt
1272 1662 1356 1738 impii
1373 1661 1492 1721 tandem
1506 1659 1544 1719 Se

259 1760 388 1837 3333303
341 1766 420 1846 ῑῑῑεῖςθ
423 1758 454 1842 Ἰ
470 1763 605 1822 cerdotes
622 1771 651 1822 et
666 1763 715 1841 qui
730 1780 763 1821 se
778 1760 944 1840 spirituales
959 1769 1064 1821 vocant
1079 1769 1109 1822 et
1121 1762 1261 1830 clericos,
1285 1780 1363 1841 quos
1380 1762 1449 1822 dixi
1456 1767 1544 1840 quarto

260 1863 325 1923 loco
348 1882 364 1923 a
387 1865 474 1923 nimis
495 1862 672 1940 patientibus
695 1864 859 1924 Germanis
872 1863 987 1938 praedas
1009 1876 1106 1940 agere.

323 1984 500 2026 33333333.
539 1964 599 2027 lam
622 1962 829 2042 expectabam,
852 1964 942 2023 ulad
966 1964 1021 2023 lios
1044 1966 1168 2025 venires.
1548 1975 1562 2013 13

322 2085 521 2127 annuorsovs.
560 2065 665 2133 Venio,
694 2065 745 2125 sed
774 2065 853 2125 hrrnc
875 2065 1035 2125 lluttenum
1063 2084 1184 2126 necesse
1211 2074 1256 2127 est
1285 2074 1316 2127 et
1339 2068 1430 2128 rerba
1455 2083 1540 2144 saggo·

260 2185 328 2233 rere
350 2167 420 2227 milri
444 2174 472 2227 et
495 2184 558 2234 res,
589 2167 613 2224 si
636 2166 714 2245 loqui
738 2165 878 2235 debeam,
897 2173 957 2227 aut
985 2184 1054 2226 vero
1083 2173 1173 2227 totam
1203 2167 1280 2227 banc
1310 2167 1456 2233 tabulam.
1472 2183 1540 2245 agera

259 2269 357 2344 potius
379 2269 490 2344 ipsum,
513 2274 546 2325 ut
567 2269 616 2345 qui
632 2269 749 2345 'optime
770 2270 864 2328 nouit:
894 2285 962 2327 nam
985 2268 1086 2328 llomae
1109 2268 1177 2336 luit,
1201 2276 1231 2329 et
1252 2269 1301 2329 hie
1325 2272 1538 2330 3113333333-

259 2375 338 2427 satus
361 2366 416 2427 illis
440 2384 544 2427 eorunm
557 2368 667 2431 ,didicit
688 2371 796 2429 omnia.

323 2489 499 2531 macaron.
538 2469 600 2529 lloc
623 2471 672 2530 dat
694 2473 800 2548 potius.

321 2590 521 2633 nnauorsovs.
559 2571 650 2649 lgitur
672 2589 838 2631 sermonem
861 2572 973 2650 incipe,
1002 2572 1143 2641 lluttene,
1173 2592 1207 2633 ac
1229 2572 1391 2650 predones
1412 2570 1557 2634 Sacerdos

262 2681 305 2733 tes
325 2666 446 2733 ostende
469 2672 563 2733 nobis.

298 2792 494 2840 ,averanus
533 2774 650 2833 Minime
673 2776 819 2835 onmium:
843 2775 894 2835 sed
918 2782 948 2835 tu
970 2775 1049 2854 qnod
1066 2777 1140 2834 nosti
1157 2775 1304 2844 edissere3
1329 2775 1382 2836 ubi
1398 2775 1479 2837 loeus
1492 2773 1537 2834 erit

255 2896 315 2955 ego
338 2895 401 2937 mea
426 2877 605 2940 interiiciam.

192 3005 267 3053 333
274 2979 320 3063 {⁸35
316 2976 393 3053 glg‘m
416 2974 423 3059 Ι
487 2996 687 3038 rnaucrscvs.
725 2977 805 3054 Ergo
827 2978 915 3057 longe
937 2978 1105 3040 avarissime
1127 2979 1250 3055 rapiunt
1263 2978 1444 3040 Sacerdotes
1470 2992 1539 3040 nuno

261 3092 290 3139 et
312 3078 390 3158 quod
414 3077 489 3138 nulli
507 3097 631 3158 usquam
654 3076 784 3139 latrones
805 3082 949 3157 attingere
968 3079 1096 3147 audent,
1120 3080 1226 3147 idisti,
1250 3081 1334 3158 quasi
1350 3089 1403 3142 aut
1416 3076 1595 3142 solisslbltss'

259 3181 344 3241 liceat
366 3185 417 3239 aut
440 3178 572 3258 qn‘eclam
596 3181 634 3238 sit
655 3198 739 3240 sacra
762 3183 849 3241 ctiam
872 3183 983 3259 rapina,
1005 3180 1162 3241 invadunt:
1187 3189 1274 3260 atque
1291 3184 1329 3243 ita
1346 3180 1502 3250 invadunt,
1519 3185 1544 3239 ut

258 3281 463 3341 alistiuentiam
486 3288 626 3357 praestent
645 3296 807 3359 nusquam:
842 3289 872 3343 et
893 3280 1049 3361 aliquando
1073 3283 1189 3361 quidem
1212 3286 1371 3361 pecuniam
1394 3284 1545 3345 emendica-

261 3383 331 3442 baut
352 3381 389 3439 ab
413 3382 447 3441 iis
469 3399 543 3458 quos
566 3384 591 3441 vi
614 3402 648 3442 ac
670 3383 804 3444 violentia
828 3384 969 3462 diripiunt
991 3403 1085 3446 nunc:
1109 3403 1178 3445 ecre
1201 3385 1283 3446 vobis
1306 3387 1386 3450 enim
1402 3384 1547 3447 bellatores

260 3480 348 3556 5¹l⁵⁰⁰¹l
362 3479 379 3513 ⁵⁰
402 3476 409 3563 Ι
432 3482 461 3539 13
477 3482 632 3542 Germania
649 3484 825 3563 Episcopus,
850 3505 865 3545 a
890 3485 997 3565 quibos
1018 3504 1094 3564 pene
1109 3486 1180 3548 nulli
1202 3488 1259 3547 iam
1276 3493 1373 3548 tutum
1389 3490 1461 3556 satis
1474 3502 1548 3547 suum

261 3587 304 3640 est
326 3582 548 3658 patrimonium:
579 3582 617 3643 ita
639 3586 744 3663 rupida
767 3586 957 3648 ecclesiarum
981 3606 1101 3648 suarum
1129 3607 1179 3648 res
1206 3596 1310 3664 agunt,
1340 3590 1432 3667 impia
1460 3586 1605 3668 prole-er*

261 3690 330 3742 runt
338 3729 345 3759 ,
377 3683 581 3759 possessiones
603 3686 799 3748 accumulant..
846 3696 926 3750 certe
949 3689 1067 3768 quidem
1088 3690 1252 3751 maioribus
1274 3689 1332 3750 boc
1355 3692 1468 3750 nostris
1494 3707 1550 3767 per·

260 3782 387 3861 qqmqug,
419 3779 426 3867 Ι
448 3784 573 3846 suadere
596 3804 683 3848 nemo
706 3790 848 3865 potuisset
869 3789 1003 3851 futurum
1025 3798 1092 3868 post
1113 3809 1145 3851 se
1174 3798 1207 3850 ut
1228 3790 1457 3870 quibuscunque
1479 3807 1553 3850 men·

261 3885 426 3945 ‹licantibus
448 3891 506 3950 tam
529 3884 688 3949 liberaliter
711 3891 765 3968 ipsi
787 3894 941 3969 pecuniam
965 3891 1080 3970 elargiti
1109 3899 1220 3962 essent,
1255 3894 1275 3951 11
1302 3911 1320 3952 a
1352 3895 1482 3970 posteris
1509 3891 1553 3952 ali·

262 3988 379 4067 cquarrdo
398 3989 462 4047 suis
484 3996 623 4066 raperent
646 3998 704 4051 tam
727 3991 877 4053 violenter.

193 4117 260 4165 qino,
326 4109 499 4150 rrvrnnnvs.
538 4090 660 4159 Quantis
687 4110 742 4169 ego
765 4093 948 4154 clamoribus
966 4097 1012 4173 egi
1035 4112 1098 4156 rem
1125 4095 1217 4163 banc,
1251 4094 1300 4155 diu
1325 4096 1406 4164 iam,
1433 4096 1605 4160 3333131333

265 4257 451 4267 *a*

330 4340 432 4406 ³qmb.
452 4340 489 4407 q]
519 4345 680 4408 quibusdam
699 4349 758 4397 edd.
831 4345 973 4413 rexeisis]
999 4345 1130 4399 excitatis
1152 4349 1211 4398 edd.
1241 4349 1282 4397 Ex
1307 4334 1554 4399 Floro'Vorianam

266 4425 372 4474 cladem
390 4427 415 4476 lr.
429 4427 446 4474 1.
466 4420 563 4476 referri
582 4436 708 4495 apertum
729 4437 779 4482 est.
811 4433 835 4482 is
854 4432 997 4496 13133.
1022 4433 1112 4495 „Aliis
1131 4433 1239 4494 333133,
1265 4430 1330 4482 31113
1349 4450 1448 4484 manus
1467 4449 1554 4499 ompu-

264 4508 376 4573 33333
407 4512 487 4571 33133
510 4529 540 4561 os
556 4521 654 4566 ,sutrrm
678 4518 770 4569 recisa
791 4518 867 4581 prius
890 4518 1000 4582 lingna,
1032 4532 1113 4583 quem
1143 4517 1172 4566 in
1194 4531 1279 4567 mauu
1302 4523 1402 4568 tenens
1427 4519 1555 4568 barbems

266 4591 415 4654 ‘'lonrlem,'
435 4596 524 4658 inquit
544 4598 665 4662 uipera,
680 4600 799 4657 ¹sibilare
817 4601 947 4651 desiscet’
1000 4603 1010 4631 ⁸
1029 4602 1088 4652 cte.
1102 4602 1136 4652 de
1150 4602 1195 4651 off.
1210 4602 1232 4651 1.
1251 4601 1332 4664 11133.
1391 4602 1412 4634 ¹⁵
1430 4601 1468 4668 et]
1486 4607 1516 4651 ut
1532 4604 1552 4649 1·

264 4672 285 4703 ²³
305 4675 419 4726 31313113
438 4683 461 4728 1.
503 4681 524 4714 ³²
541 4684 643 4745 quiden
662 4688 686 4734 1.
