3188 5422
19 400 169 466 [nasoni]
184 416 372 451 ruinannrms
386 394 725 451 erminonmnnoovsm
741 417 955 451 racvnrsrruvs
970 416 1182 451 nounsunsrvu.
1236 386 1309 456 499

19 575 63 649 qui
86 575 195 629 additus
217 583 260 631 est
282 574 346 630 huic
368 573 458 647 iegato
481 592 495 628 a
518 573 699 635 Florentinis,
723 592 771 630 eeu
795 574 930 647 quondam
953 574 985 629 ad
1008 573 1036 629 lo
1060 591 1164 629 vaccam
1180 592 1193 628 a
1209 575 1311 631 lunone

19 658 144 716 oculatus
160 660 256 731 Argus,
279 658 365 730 (tanta
386 659 468 714 etiam
491 659 562 714 inter
589 677 636 714 eos
658 658 725 714 litles
747 658 797 733 est)
822 676 855 714 ne
878 659 1022 732 quicquam
1044 676 1076 713 ex
1098 659 1221 731 pecuniis
1243 677 1311 733 pon·

19 742 108 799 tidciis
131 743 289 799 sullnretur.
323 748 416 817 *Atque
439 743 521 804 adro,
545 762 560 799 o
584 743 691 805 lienem,
716 744 780 816 qnid
802 743 947 816 aliquando
971 743 1014 799 liic
1037 743 1145 804 iecerit,
1170 744 1231 799 audi
1249 761 1311 818 pre·

19 845 79 883 eor:
110 828 235 890 nimium,
266 828 302 883 ita
325 846 368 883 me
389 829 457 884 deus
480 828 549 884 liene
572 836 656 889 amet.
687 828 713 882 id
736 829 784 883 tibi
814 845 924 885 narrare
952 827 1056 901 gestio:
1090 823 1257 900 ‹Uspeream
1288 830 1310 884 si

18 930 74 967 non
103 911 233 968 lidissimo
256 914 391 985 quondam
414 913 544 986 gravique
574 920 701 969 narrante
730 913 787 968 viro
818 931 917 969 mensu
949 913 1098 968 inserviens
1128 913 1196 986 apud
1227 914 1311 986 magi·

19 1004 106 1053 strum
129 997 284 1054 audiverim.

82 1081 208 1138 llennn.
246 1081 364 1137 Obsecro
374 1073 451 1155 ‘quid
476 1083 501 1137 id
524 1086 585 1140 esti

81 1165 176 1222 Puer.
214 1166 322 1222 Vocatae
345 1166 377 1222 ad
400 1185 501 1223 cunam
525 1186 540 1223 a
562 1166 653 1241 legato
675 1175 912 1228 manumiserunt,
936 1183 989 1221 non
1007 1166 1128 1239 impune.
1146 1174 1202 1222 tum
1219 1169 1377 1222 intentat.

19 1251 106 1306 iiii-rna
128 1251 321 1324 praestantiae
344 1252 479 1325 primariae,
502 1252 597 1307 etiam:
621 1270 764 1326 quaecum
787 1251 991 1311 accubuissent.
1022 1251 1093 1306 inter
1114 1252 1181 1306 (trias
1204 1267 1235 1305 er
1259 1252 1308 1312 liis,

19 1335 104 1391 veluti
127 1335 229 1397 llusas.
260 1336 303 1392 liic
325 1354 354 1391 se
376 1336 475 1409 Apollo
498 1337 609 1393 tertium
632 1337 788 1410 composuit
808 1337 959 1392 convivam:
988 1336 1035 1409 qui
1063 1350 1123 1391 cum
1152 1335 1227 1409 loqui
1250 1354 1310 1392 eum

19 1420 59 1474 nis
84 1437 137 1475 uon
160 1421 311 1493 potuisset.
341 1438 428 1494 neque
452 1420 506 1478 illas
530 1422 619 1496 ipsum
649 1420 850 1494 intelligerent.
880 1420 962 1494 eupit
990 1420 1101 1476 rutilias
1132 1408 1311 1494 gestiliusqne

19 1505 75 1559 suis
98 1503 248 1560 adblandiri
270 1505 324 1567 eis,
347 1514 429 1579 atque
452 1506 484 1561 ad
507 1524 552 1562 eas
575 1506 710 1562 alludere:
734 1523 795 1580 qnae
817 1524 878 1561 cum
901 1522 1003 1562 aversrc
1025 1505 1142 1560 lromiuis
1159 1506 1312 1561 inconditos

19 1606 107 1644 mores
131 1588 346 1652 detestarentur,
376 1590 584 1647 benivolentiam
614 1592 733 1665 ipsarum
757 1596 801 1652 re,
830 1609 890 1647 cum
913 1586 1002 1645 verilis
1024 1606 1078 1645 nou
1102 1598 1210 1663 posset.
1238 1608 1312 1646 com·

19 1690 115 1747 parare
137 1673 188 1729 sibi
211 1691 359 1747 aggressus
382 1682 437 1731 est:
468 1676 663 1750 comprehensa
685 1676 819 1748 siquidem
842 1675 968 1735 alterius,
999 1687 1059 1748 qum
1088 1674 1311 1748 interutrasque

19 1759 115 1814 iormae
137 1757 252 1831 palmam
274 1759 414 1820 obtinuit.'
439 1778 519 1816 manu
547 1779 668 1817 erassum
695 1778 726 1816 ae
754 1760 832 1833 plane
860 1759 991 1833 equinum
1018 1776 1114 1831 penem
1143 1758 1238 1830 caligis
1268 1777 1312 1814 er·

19 1850 137 1898 tractum
165 1845 328 1906 inmanem
356 1844 438 1900 dedit.
483 1844 528 1901 illa
551 1845 654 1919 ingenti
685 1845 847 1917 insuetoque
877 1843 971 1899 territa
997 1853 1121 1899 monstro
1152 1861 1182 1899 ac
1211 1843 1312 1899 ruliurc

19 1927 130 2001 perlusa
153 1938 211 1984 tota
233 1946 340 1985 manum
364 1929 434 1985 tiaud
458 1944 537 1986 secus
560 1930 678 2003 quamsi
702 1938 855 2003 serpentem
877 1928 1053 1999 contigisset,
1077 1928 1173 2002 pavida
1189 1929 1310 1984 retraxit.

84 2011 211 2068 llennn.
249 2011 317 2080 Quid
341 2013 441 2088 reliqui
463 2032 526 2070 vero
549 2015 687 2071 convivae?
719 2012 911 2070 intellexerunt
928 2014 1035 2069 antem?
1059 2030 1148 2069 nonne
1165 2011 1241 2068 illurn
1258 2029 1312 2068 ma-

19 2095 125 2152 ledictis
148 2098 322 2171 fustibusque
345 2099 460 2155 eiectum
483 2101 605 2156 convivio
628 2098 697 2155 male
721 2100 923 2154 tractaverunt?

83 2182 180 2236 Puer.
218 2182 339 2243 llinime.
370 2184 570 2240 Ithomanenscs
593 2193 669 2240 erant
693 2200 785 2239 omnes
808 2183 854 2256 qui
877 2182 999 2238 convivio
1030 2182 1224 2237 interfuerant:
1257 2199 1311 2236 nrm

18 2266 127 2321 insueta
150 2265 205 2321 illis
227 2285 284 2329 res,
307 2266 430 2323 discussa
453 2269 509 2324 risu
532 2277 588 2324 est:
612 2286 682 2324 unus
706 2276 794 2323 taurim
817 2286 848 2323 ex
872 2267 940 2329 illis,
964 2267 995 2322 ad
1019 2284 1099 2341 quem
1115 2265 1313 2340 aliquantulum

19 2350 127 2406 iniuria
149 2352 209 2407 eius
231 2369 295 2425 pars
317 2352 484 2425 pertinebat,
508 2352 744 2409 commovebatur:
767 2352 871 2408 eximie
896 2352 962 2425 ipsae
978 2367 1041 2406 vero
1058 2349 1170 2431 puellae,
1193 2351 1313 2407 demisso

19 2434 110 2495 mltn.
134 2435 267 2492 rulieliant
291 2449 397 2499 omncs,
422 2437 546 2494 tacebant
570 2447 667 2494 tamen.

83 2519 209 2576 llennn.
247 2520 341 2583 freda,
365 2522 401 2577 ita
425 2540 466 2581 me
488 2523 555 2579 (leus
579 2523 647 2580 lene
669 2531 755 2584 amet.
780 2539 824 2577 res
846 2530 902 2578 cst:
933 2538 985 2593 ego
1008 2522 1133 2595 proiectu
1157 2520 1240 2592 virgis
1262 2530 1380 2594 pn-§.ss

19 2604 90 2660 bliee
112 2623 212 2662 caesum
235 2624 267 2662 ac
288 2605 373 2662 altera
396 2607 516 2663 abscissa
537 2625 603 2663 anre
626 2624 696 2681 pago
719 2606 872 2669 eiecissem,
902 2605 965 2660 lruin
994 2605 1122 2661 nebuloni
1154 2605 1312 2678 turpissimo

19 2706 114 2763 prope.
128 2689 333 2764 supplicassem.
378 2691 429 2748 Sed
452 2691 534 2753 heus.
557 2692 663 2758 Bruno‚
693 2700 770 2747 estne
793 2690 948 2763 etreliqua
971 2690 1052 2745 huius
1075 2689 1206 2745 lihornani
1230 2688 1312 2760 legati

19 2773 119 2830 iamilia
143 2777 188 2831 isti
212 2774 303 2832 lenoni
327 2774 512 2850 impurissimo
535 2776 650 2832 similis?

81 2860 179 2915 Puer.
217 2860 375 2917 Uniusmodi
399 2861 525 2934 prolecto
548 2877 657 2927 omnes,
680 2870 762 2933 atque
785 2860 853 2915 aileu
876 2867 990 2933 prepter
1012 2867 1107 2930 stupra
1124 2855 1312 2929 adulteriaque

20 2961 48 3000 ac
77 2943 183 3018 reliqna
212 2944 314 3001 scelera
344 2962 398 3001 non
426 2945 508 3001 modo
537 2945 601 3000 nitio
628 2952 836 3019 prosequuntur
862 2962 876 2999 a
903 2941 1019 3003 civilius.
1053 2959 1145 2997 verum
1175 2941 1256 2996 etiam
1287 2941 1310 2995 vi

20 3037 103 3103 atque
126 3026 196 3084 telis.

82 3113 208 3169 llenno.
246 3115 342 3171 llirnm
366 3116 438 3189 quod
461 3115 520 3171 haee
542 3116 719 3188 magistratus
742 3114 899 3189 patiuntur:
922 3129 953 3166 ex
976 3111 1027 3166 linc
1049 3118 1122 3165 certe
1146 3107 1247 3164 familia
1262 3107 1380 3164 ilo-ffl-

20 3199 108 3255 minus
132 3200 190 3273 ipse
213 3198 292 3273 plane
314 3201 500 3273 cognoscitur.
545 3199 632 3255 audivi
662 3199 794 3272 quendam
818 3199 854 3252 ita
882 3195 982 3252 dixisse
1012 3194 1076 3251 olim
1106 3192 1310 3268 philosophum.

20 3282 113 3357 quales
136 3285 163 3339 in
186 3283 325 3357 republica
348 3284 485 3357 principes
508 3292 587 3345 stmt‚
612 3283 679 3339 tutes
703 3282 825 3355 reliquos
848 3298 908 3337 csse
930 3279 1021 3336 solere
1044 3281 1124 3335 cives.

82 3368 182 3424 Puer.
219 3368 403 3442 Philosophus
426 3387 491 3424 num
515 3377 543 3424 tu
567 3386 611 3430 es,
635 3369 748 3424 llennot
917 3359 921 3366 ‘

85 3451 214 3508 llenno.
251 3454 327 3509 lieet
349 3452 531 3527 philosophus
555 3471 609 3508 non
633 3454 696 3514 sim,
725 3453 777 3507 hoc
807 3451 864 3505 scio
894 3458 982 3505 tamen
1011 3459 1038 3504 ot
1066 3457 1237 3521 cunipertum
1262 3466 1312 3504 usn

20 3521 116 3593 halben.
160 3538 246 3611 Pape.
270 3538 332 3611 quis
355 3539 399 3594 liic
421 3547 478 3599 est,
501 3538 646 3607 ngllrnno.
671 3555 750 3611 quem
774 3535 1038 3610 appropinquantem
1062 3534 1153 3594 video.
1176 3534 1312 3589 huminem

20 3631 124 3678 statura
147 3621 241 3695 louge.
266 3624 354 3678 serico
378 3623 516 3683 imlutnm.
540 3621 613 3695 pileo
636 3610 769 3682 rutundo.
793 3621 879 3676 instar
902 3620 969 3676 lrirci
994 3619 1149 3678 berintum.
1179 3618 1312 3691 plurimas

21 3725 97 3762 rnanu
124 3706 218 3762 trullas
233 3708 391 3779 gerentem?
415 3708 503 3781 ipsum
527 3707 627 3780 opinor
649 3725 709 3763 esse
726 3705 862 3779 legatum.

82 3792 180 3847 Puer.
218 3791 242 3846 ls
265 3800 324 3852 cst:
347 3801 547 3865 preceptorum
570 3792 629 3847 ride
652 3791 689 3846 sis
712 3809 831 3853 memor.
854 3789 958 3846 llenno·

83 3876 236 3949 Legatos
260 3876 459 3933 ithumanus.
497 3875 591 3932 Nimiae
618 3893 692 3931 cirre
722 3876 859 3949 nimiaque
890 3873 1048 3929 sollicitudo
1076 3884 1132 3959 non
1154 3870 1246 3924 sinunt
1268 3874 1381 3925 met-bt.

21 4034 222 4051 —A—

88 4142 95 4175 ¹
118 4143 152 4193 sd
170 4140 210 4207 Io]
229 4144 265 4206 es.
278 4158 301 4192 e.
313 4158 353 4207 pr.
368 4141 471 4207 Hygin.
485 4142 543 4191 iub.
561 4140 616 4190 145.
686 4138 742 4174 '⁸¹²⁵
760 4139 871 4204 publice
891 4152 954 4187 caes.
972 4133 1034 4199 etc]
1053 4133 1095 4183 cf.
1115 4133 1312 4197 Bambergens.

21 4233 70 4279 nrt.
84 4226 252 4287 223.§§.3.4.
273 4225 351 4275 000.
366 4231 417 4276 nrt,
433 4224 490 4275 198.
504 4227 544 4286 §3-
558 4226 582 4276 3.
596 4225 620 4274 4.
656 4223 678 4270 ’ἒ
697 4243 703 4286 3
724 4229 752 4273 et
769 4223 833 4272 hnic
854 4226 879 4271 3.
915 4219 937 4252 ⁸⁰
956 4223 1158 4285 prosequuntur
1176 4232 1193 4266 a
1212 4214 1277 4281 cira]
1296 4220 1312 4266 i.

21 4316 155 4379 petuntur
172 4327 189 4361 a
208 4328 232 4361 c.
303 4309 323 4342 ¹¹
346 4310 504 4360 Notieatmum
522 4309 681 4383 proverbium
701 4309 773 4357 ‘Wie
791 4309 839 4357 der
857 4307 938 4365 Here,
957 4319 986 4353 ro
1004 4305 1053 4352 der
1070 4301 1188 4350 Knerlt'.
1215 4302 1265 4350 Cic.
1279 4301 1316 4349 mi

21 4401 76 4449 Aer.
89 4398 124 4447 V.
141 4395 207 4459 ll‚t.
239 4396 328 4459 „illud
344 4390 394 4446 oio
412 4385 455 4461 y’ri
474 4388 613 4444 δέσποινα
632 4389 718 4456 [τοῖαι
736 4386 785 4440 καὶ
804 4385 1045 4453 θεραπαινίδεςΓ.
1083 4385 1154 4435 Idem
1167 4388 1202 4435 ad
1215 4387 1277 4449 snm.
1290 4387 1312 4435 1.

21 4482 72 4543 i,t.
93 4495 176 4545 „quae
199 4485 264 4529 eunt
288 4481 361 4546 apud
379 4481 523 4530 Platonem
547 4482 669 4526 nostrum
693 4475 799 4538 scripto
822 4473 956 4522 divinitus
981 4469 1094 4533 ‘Quales
1118 4472 1146 4519 in
1170 4469 1314 4535 republica

21 4567 162 4631 principes
183 4569 290 4625 essent,
310 4564 383 4615 tnlcs
402 4564 523 4628 reliquos
542 4561 631 4611 solere
650 4563 711 4610 esse
735 4557 850 4609 cives'.“
886 4556 921 4605 m
941 4556 991 4604 Ire.
1007 4554 1091 4603 Sirnc.
1105 4555 1138 4603 Χ.
1152 4555 1177 4602 2.
1196 4553 1315 4615 „Qirslis

22 4654 112 4699 rector
132 4654 175 4698 ost
194 4649 333 4708 civitatis,
354 4647 427 4697 tnlcs
446 4651 475 4695 et
493 4644 685 4694 inhabitantes
703 4644 732 4692 in
751 4645 811 4691 en''.
838 4642 877 4704 Os.
894 4640 1056 4689 l’rooerbior.
1071 4639 1170 4691 XXIX.
1190 4638 1229 4688 Γ).
1248 4645 1272 4687 et
1290 4655 1313 4687 r.

22 4734 40 4767 ¹⁰
59 4733 132 4783 Audi
146 4733 269 4797 legatum
282 4733 353 4782 bone
367 4733 479 4782 lectori
532 4725 630 4794 leget]
650 4728 768 4778 loannes
780 4725 902 4790 Angelus
921 4722 1125 4778 Arcirnboldus.
1145 4722 1178 4771 de
1192 4738 1244 4787 quo
1257 4723 1312 4771 rid.

1026 4808 1090 4870 32·
