3232 5422
231 381 307 431 VIII.
378 394 468 430 arnna
489 395 511 430 s.
531 393 694 430 evonimos.
746 393 886 428 oracoovs
906 393 1094 430 uvrnnrucvs.
1119 378 1202 441 (roeo.)
1290 362 1363 434 313

130 570 243 611 avenn.
282 550 312 609 Si
334 549 406 609 mibi
427 548 494 609 dem
524 549 655 609 habenas
682 549 759 626 ipsa,
794 566 849 609 neo
878 549 1002 627 amplios
1031 550 1118 609 animi
1141 551 1287 626 *ismaelem
1316 569 1362 610 re·

60 670 169 712 morer
193 653 267 718 mei,
291 652 424 729 lramqoe
447 651 552 711 hanc
544 669 574 710 m
596 633 626 711 te
649 669 797 728 promam,
821 658 883 710 tum
906 658 937 710 tu
961 670 1031 711 vero
1054 652 1140 710 ulmis
1162 651 1278 712 tandem
1295 670 1362 712 sero

67 753 151 814 voles
174 771 288 831 sapere
323 770 490 832 quanquam
513 753 599 831 quid
606 753 671 813 tel
667 770 721 812 ero
744 752 871 814 dlutius?
893 751 981 812 dixin'
1005 759 1102 813 tacere
1125 771 1190 814 esse
1205 751 1257 813 tibi
1274 751 1363 853 utilel

18 863 154 923 tene,
179 854 328 932 improba,
353 861 434 924 tene,
457 855 566 931 accipe.

37 968 51 1006 ⁵
134 977 297 1018 nrnnnrns.
332 955 487 1024 Falsiiura,
504 955 651 1034 legirupa,
668 956 715 1016 cui
731 973 786 1034 ego
802 956 996 1034 perditionem
1012 958 1202 1024 accersivero,
1219 957 1361 1035 quuando

65 1077 102 1118 er
120 1059 303 1120 disexatione
319 1059 370 1117 ista
387 1065 435 1118 tua
451 1058 612 1127 emiueam;
626 1057 703 1118 tolle
720 1057 833 1119 caedere
850 1057 922 1126 hoc,
945 1058 1072 1135 perdita,
1096 1057 1165 1118 tolle
1180 1059 1360 1120 iamdudum.

131 1180 242 1221 nornen.
280 1158 362 1220 Tolle
384 1166 415 1220 tu
438 1177 555 1237 quoque
579 1159 707 1220 clamare
730 1159 820 1230 istud,
844 1158 976 1238 garrula,
1007 1159 1075 1220 tolle
1096 1158 1276 1220 iamdudum.
1337 1149 1341 1156 ’
1372 1175 1417 1223 te.

132 1281 298 1324 monento.
327 1256 599 1322 Exbolistabobine
613 1267 643 1321 te
658 1262 715 1321 iam
732 1261 945 1342 pulcherrime,
968 1280 1003 1321 ao
1024 1263 1107 1323 triste
1130 1262 1250 1322 domum
1267 1280 1361 1340 agant.

129 1383 242 1424 nvccn.
280 1362 375 1433 Tene,
399 1370 475 1423 tene.
1350 1446 1355 1450 ἡ

42 1475 61 1515 ⁸⁰
132 1484 298 1527 cinnomo.
336 1465 393 1525 Ubi
408 1466 571 1524 *invocatos
599 1464 689 1524 hosce
723 1465 957 1542 supermduxero
990 1463 1043 1526 tibi
1075 1465 1210 1531 hominm
1242 1464 1361 1527 liberos.

66 1566 137 1645 quid
162 1585 209 1626 me
233 1567 334 1634 credis,
358 1565 506 1628 bullarum
528 1566 727 1644 nequissirnal

74 1710 81 1723 .
130 1689 243 1729 uvccn.
281 1667 356 1739 Quid
380 1668 502 1736 clamas,
531 1669 705 1728 temeraria?
732 1667 801 1727 bem
825 1666 890 1727 tibi!

132 1789 297 1832 emensas.
335 1768 467 1830 Obsecro
489 1778 615 1830 vestram
638 1770 754 1839 fidem,
771 1771 925 1838 Germani;
955 1768 1106 1830 subvenite
1129 1789 1243 1849 queso,
1272 1773 1358 1842 cives,
1370 1783 1415 1833 ιι.

63 1889 155 1950 opem
179 1872 269 1941 terte,
294 1871 466 1950 populares,
490 1871 608 1940 inoolae,
632 1869 755 1939 accole,
779 1870 911 1939 advenae,
935 1871 1019 1931 ricini
1043 1882 1153 1931 opines

25 1984 50 2026 ’ὁ
132 1994 243 2036 nonna.
281 1973 371 2036 Tene

130 2093 295 2136 cinnamo.
334 2075 465 2136 lestram
495 2074 597 2144 fidem,
628 2075 782 2143 Germani;
812 2074 918 2134 auxilio
948 2081 1022 2144 este,
1053 2076 1143 2142 civem
1167 2073 1270 2151 Ι’Μ’
1242 2075 1298 2152 „gf
1290 2084 1350 2152 33

60 2177 172 2255 eripite
199 2176 344 2236 adllictnm
372 2176 547 2243 libertatem
592 2177 693 2254 ecquis
727 2177 876 2254 suppetias
908 2176 996 2236 audet
1027 2177 1105 2238 lerro
1135 2177 1226 2237 mihil
1259 2180 1362 2258 ecquis

62 2295 135 2337 rere
158 2276 234 2337 liber
256 2279 330 2337 estb
347 2280 448 2355 ecquis
471 2278 593 2337 honesto
616 2278 729 2346 studet,
757 2296 874 2356 aequum
904 2276 1012 2356 diligit,
1045 2279 1178 2339 liaudem
1211 2280 1287 2348 odit,
1317 2281 1360 2340 Ias

61 2385 160 2447 amat,
190 2378 286 2439 scelos
309 2379 487 2439 detestaturi
510 2381 610 2457 ecquis
632 2398 703 2439 vere
726 2381 891 2440 Germanus
913 2382 975 2440 est?

15 2497 45 2533 ὀ
132 2499 307 2542 nvursnvs.
344 2481 414 2540 llrec
435 2496 483 2539 me
506 2499 561 2540 vox
583 2483 666 2541 culus
688 2482 772 2540 culus
794 2489 851 2550 est,
882 2488 1011 2541 evocate
1027 2489 1115 2567 atque
1142 2483 1231 2558 igitur
1257 2483 1362 2544 ridebo

62 2582 137 2660 quid
160 2599 262 2642 rerum
285 2582 356 2642 loris
378 2583 423 2642 sit.
469 2582 601 2660 prolecto
624 2582 757 2642 Libertas
779 2585 890 2661 agitur,
913 2589 1053 2661 quantum
1076 2584 1176 2645 audio:
1206 2601 1361 2646 excurram

63 2685 164 2752 ocius;
194 2682 263 2761 quid
288 2684 335 2743 bio
356 2684 471 2761 agitur?
504 2685 569 2762 quis
591 2687 653 2743 est?
686 2685 751 2762 quis
773 2683 907 2744 clamart

131 2804 295 2845 cmnnrns.
323 2784 467 2845 ‘Libertas
489 2786 680 2863 opprimitur,
709 2785 853 2846 lluttene:
882 2787 944 2863 Ipsa
968 2803 1022 2863 ego
1051 2805 1131 2855 sum,
1161 2789 1222 2865 ipsa
1251 2787 1429 2864 olamo;§.n·.

65 2887 131 2946 nne
154 2885 201 2946 itta
226 2895 270 2947 est
292 2905 358 2965 qum
380 2905 427 2947 me
450 2887 604 2964 opprimit,
635 2887 745 2947 Decimi
774 2887 881 2947 Leonis
909 2886 1002 2947 Bulla.
1041 2908 1073 2948 ea
1103 2886 1240 2949 nou-alio
1264 2890 1361 2950 vioeas

15 2989 46 3029 ὅ
65 2987 244 3066 pluteosque
266 2989 338 3066 agit,
363 3006 450 3066 quom
474 2994 506 3047 nt
528 2989 669 3055 irretitam
691 3007 739 3048 me
761 2995 875 3055 teneat,
900 2984 1006 3049 deinde
1027 2988 1199 3066 strangulet.

130 3109 304 3150 moronus.
342 3089 386 3149 Dii
415 3087 533 3158 melIuS,
565 3107 653 3167 quam
684 3090 733 3149 liat
762 3090 868 3150 borum
898 3091 1063 3168 quicquam.
1102 3090 1209 3152 Verum
1225 3093 1312 3171 'quid
1330 3102 1361 3153 tu

66 3189 156 3250 bullae
179 3191 308 3251 ostendis
329 3191 416 3259 ιιιιιιι,
441 3211 528 3269 quam
552 3194 829 3268 pestemnunciasl

130 3311 296 3380 censeres.
333 3293 415 3353 Hanc
435 3292 549 3353 liullom
573 3294 634 3361 aio,
658 3292 813 3370 pellacem,
837 3295 1036 3371 impostricem
1057 3294 1170 3355 Bullam
1194 3295 1252 3355 buc
1274 3296 1358 3356 mise·
1371 3307 1431 3358 tu.

65 3400 137 3452 runt
160 3394 241 3470 Impii
264 3393 455 3462 Romanistar,
479 3395 614 3461 venefici,
639 3395 847 3463 fascinatores,
871 3414 937 3473 quae
960 3400 1176 3459 rosomnesin
1191 3399 1363 3459 servimen

15 3490 183 3572 waltgero,
206 3513 254 3555 mo
277 3497 401 3557 vlnctam
424 3494 544 3572 iugulet.
583 3496 646 3555 baro
668 3488 809 3564 est,'boo
831 3498 954 3574 agilon·
1004 3492 1006 3496 ’
1122 3533 1140 3576 .

130 3617 306 3658 nuncnune.
343 3598 427 3669 Quod
451 3581 585 3676 equidem
608 3599 700 3656 miror
723 3597 833 3657 audere
848 3616 1035 3676 quemquam.
1074 3607 1161 3679 alque
1176 3603 1264 3678 igitur
1279 3607 1364 3665 cuius

66 3696 198 3758 audaia‘ae
221 3716 267 3766 es,
296 3697 395 3767 Bulla,
424 3716 490 3777 quae
500 3690 679 3760 Libertatem
702 3698 888 3775 aggrederis,
912 3707 943 3760 et
962 3700 1124 3778 despicatui
1146 3703 1238 3767 habes
1256 3723 1363 3767 nomon

71 3800 297 3868 Germanicum,
321 3818 377 3860 nec
398 3801 555 3861 temeritati
578 3801 699 3860 modum
722 3801 842 3861 statuis?

130 3921 241 3963 nvcnn.
278 3899 340 3961 nm’
365 3902 453 3961 recol

15 4007 59 4057 Ξῖ»
131 4022 306 4064 uvnrnnvs.
345 4004 397 4062 llio
420 4004 547 4082 inquam.

132 4124 244 4164 svccn.
282 4102 393 4182 llquuis
427 4122 495 4164 vero
525 4124 556 4164 es
584 4113 632 4174 tu,
667 4108 714 4166 cui
749 4107 898 4167 laetorum
928 4107 1054 4168 reddere
1089 4109 1231 4169 rationem
1254 4108 1354 4185 1333

67 4222 186 4282 aequum
210 4212 255 4263 est
266 4204 388 4265 bullas?
566 4214 567 4217 ’

131 4325 306 4368 numeros.
345 4306 387 4367 Ne
404 4313 580 4376 -oootemne,
610 4307 663 4367 tibi
685 4307 765 4376 dieo,
793 4327 860 4386 que
888 4311 944 4368 nisi
967 4311 1058 4370 mittis
1079 4310 1255 4371 Libertatem
1278 4313 1358 4383 ιιιιιιι,
1371 4324 1429 4373 tu.

67 4409 177 4467 senties
200 4404 327 4486 aliquem
351 4427 415 4468 esse
438 4427 494 4468 me.
529 4417 617 4487 atque
639 4410 712 4470 odeo
735 4409 846 4470 dictum
868 4410 941 4472 tibi
938 4418 1032 4488 purte,
1062 4412 1130 4472 lrnic
1159 4429 1197 4472 ne
1224 4413 1361 4474 admove-

22 4510 109 4569 coris
133 4508 258 4586 digitum
281 4509 419 4586 posthac,
443 4511 498 4570 nisi
522 4512 648 4587 experiri
672 4512 713 4570 rio
735 4510 830 4589 qualis
851 4528 926 4571 snm.

74 4613 272 4706 mll’leut
272 4643 371 4694 Pseud
386 4645 421 4694 11.
436 4644 493 4704 l,.to
531 4644 676 4706 ¹²Quod1
715 4642 1362 4716 ¹⁴1‘laotnu111111”mneospluteoeql

55 4734 177 4793 cretes,
198 4729 310 4794 plagas,
331 4729 410 4779 retis
