3210 5416
262 381 283 448 5
294 378 302 447 i
313 377 337 447 0
548 364 552 372 '
699 406 815 440 DlAbOGl
836 405 1105 440 reattnottvrrttrttct.

263 565 307 621 illa
331 564 492 636 laudataque
515 554 701 624 consuetudo,
725 579 774 617 uec
797 561 956 618 oblocutum
979 562 1042 618 hnic
1065 563 1138 617 omni
1155 580 1212 617 aero
1229 561 1377 635 quicquam
1393 563 1444 617 nisi
1461 562 1545 617 bande

262 650 457 706 interveniente
480 647 547 703 adeo
570 647 611 703 uti
633 663 683 702 nec
705 642 774 719 aequi
798 664 847 703 nee
870 647 934 702 boni
958 647 994 702 ibi
1018 646 1112 702 umbra
1135 646 1304 720 reperiatur,
1336 656 1368 702 ut
1397 647 1420 701 si
1444 645 1486 702 cui
1506 663 1546 719 pa·

262 735 331 790 renti
361 733 473 789 maxime
503 733 608 805 potenti
637 749 667 787 ac
693 731 769 787 diviti
798 729 908 804 plurimi
938 732 1099 804 contingant
1129 729 1223 792 liberi,
1254 748 1287 788 ne
1310 732 1481 806 principatus
1503 731 1546 804 ipsi

260 819 434 892 ditioresque
462 834 492 872 ac
522 815 685 890 patrimonia
716 816 742 870 in
771 815 902 888 plurimas
931 815 1133 889 minutulasque
1159 825 1252 889 partes
1279 814 1459 878 dirimantur,
1488 831 1546 870 nese

263 905 361 959 lratres
383 909 484 975 cogant
506 901 604 957 iratres
627 900 658 955 ad
683 900 802 973 inopiam
824 910 852 956 et
874 909 1038 973 egestatem,
1062 918 1096 956 ne
1118 901 1240 956 maximae
1263 899 1341 963 lites,
1367 903 1491 974 ingentes
1511 915 1563 955 ses

261 988 379 1045 ditiones
402 986 590 1058 horrendaque
613 985 770 1040 exoriantur
792 984 876 1047 bella,
906 985 954 1041 lilii
981 987 1099 1040 maiores
1128 993 1195 1040 natu
1224 994 1327 1041 sortem
1356 987 1445 1041 totius
1467 985 1548 1039 solent

262 1062 394 1145 accipere⁸
407 1071 578 1144 pratrimonii‚
601 1085 665 1143 qno·
679 1070 731 1143 ipsi
755 1068 878 1126 sobolem
901 1079 1055 1143 susceptam
1078 1087 1110 1125 ex
1132 1086 1194 1125 sese
1218 1079 1245 1125 et
1267 1070 1411 1126 e'ommode
1428 1078 1456 1125 et
1471 1069 1547 1124 libere

262 1167 290 1213 et
305 1145 420 1211 honeste
436 1155 550 1211 educare
573 1155 693 1228 possint,
710 1155 859 1228 ipsamque
882 1162 1036 1211 sustentare
1059 1155 1189 1227 stirpem;
1213 1155 1245 1209 ad
1269 1153 1394 1227 reliquos
1416 1171 1480 1209 sero
1496 1170 1548 1208 sns-

264 1240 407 1296 tentandos
429 1246 504 1296 certa
525 1255 557 1294 ex
579 1255 639 1296 asse
661 1238 841 1294 constituitur
863 1240 991 1312 pecunia,
1024 1256 1057 1295 ne
1087 1248 1115 1295 et
1138 1238 1188 1312 ipsi
1213 1248 1340 1312 expertes
1364 1240 1444 1295 bonis
1467 1247 1548 1312 pater

194 1325 311 1380 §.wenis
334 1324 474 1398 prirentur
496 1323 669 1397 patrimonio.
712 1326 801 1396 Atque
825 1324 891 1379 adeo
914 1325 1009 1385 etiam,
1038 1341 1092 1397 quo
1116 1332 1142 1378 et
1170 1324 1273 1379 divitiis
1301 1332 1329 1380 et
1353 1324 1454 1378 honori
1477 1332 1571 1398 aper-it

263 1419 306 1465 tns
329 1409 365 1464 sit
387 1408 479 1470 locus,
508 1408 639 1463 maiorum
668 1406 848 1464 solertissima
877 1409 1059 1482 providentia,
1088 1426 1118 1463 ae
1147 1408 1173 1462 in
1202 1409 1282 1464 deum
1311 1409 1394 1464 etiam
1424 1410 1547 1482 optinum

262 1495 404 1550 maximum
427 1493 544 1566 pietate.
574 1500 664 1549 erecta
692 1500 756 1547 sunt
779 1495 881 1567 optima
909 1494 1076 1553 sacerdotia,
1106 1494 1263 1549 constitutae
1291 1493 1449 1567 prelaturas
1478 1492 1548 1566 (quas

263 1589 351 1635 tamen
374 1596 429 1634 non
452 1579 488 1633 ita
519 1577 699 1651 preriperent
726 1576 766 1632 illi
796 1577 876 1634 nobis
898 1578 1101 1634 liliomanenses
1131 1576 1350 1638 sceleratissimi.
1380 1578 1402 1632 si
1433 1576 1547 1633 Germani

262 1680 312 1719 nos
334 1662 415 1719 corda
439 1661 537 1718 babere
561 1662 756 1735 inciperemus,
780 1662 802 1716 sl
826 1662 852 1717 id
874 1679 924 1718 nos
947 1679 1109 1718 conaremur
1131 1663 1203 1735 quod
1227 1661 1380 1718 Alexander
1402 1661 1450 1718 ille
1465 1670 1547 1717 sextus

263 1749 315 1803 iam
338 1756 394 1803 tum
416 1747 539 1802 redeunti
563 1746 735 1803 eGermania
757 1746 928 1820 praeparabat
943 1747 1114 1821 llaymundo:
1139 1747 1212 1819 qnod
1235 1746 1319 1802 lulius
1343 1747 1442 1802 deinde
1458 1762 1545 1802 scenn-
1554 1755 1570 1795 1⁵

262 1833 326 1908 ilus.
351 1832 430 1906 plane
452 1841 480 1888 et
494 1830 590 1887 lulium
606 1839 640 1904 et
656 1830 789 1886 lulianum
810 1848 908 1905 agens,
931 1832 1110 1892 Bernardiuo,
1134 1831 1186 1886 boc
1209 1833 1296 1887 etiam'
1313 1833 1426 1887 nomine
1445 1848 1496 1886 nos
1508 1830 1547 1884 de

263 1916 412 1992 spoliante.
436 1915 600 1972 intentabat:
632 1917 781 1989 quiquam
804 1917 859 1971 sint
881 1918 999 1990 accepti,
1030 1917 1129 1972 nemini
1153 1933 1207 1970 non
1230 1916 1367 1989 constat),
1391 1917 1487 1971 eximie
1507 1915 1547 1969 do

225 2047 229 2055 .
265 2003 312 2057 tati
329 2002 409 2059 etiam
431 2002 619 2075 episcopatus:
644 2018 703 2074 quae
726 2018 787 2057 eum
809 2002 1005 2074 adipiscuntur,
1028 2001 1136 2074 reliquo
1159 1999 1250 2056 solent
1272 2002 1331 2055 suis
1354 2001 1451 2057 cedere
1473 2000 1547 2074 patri·

185 2087 379 2155 alienanto:
409 2086 478 2141 idem
500 2093 530 2141 et
556 2085 589 2140 de
617 2085 736 2141 loeminis
758 2084 913 2159 puellisque
936 2086 995 2142 lieri
1017 2087 1157 2142 consucvit
1179 2085 1399 2158 ingredientibus
1422 2092 1547 2140 monaste·

263 2172 311 2226 ria.
356 2171 409 2225 lam
432 2186 495 2225 vero
518 2187 579 2225 enm
603 2170 722 2225 avaritiae
745 2171 811 2226 satis
834 2187 894 2226 esse
915 2172 1051 2233 videatur,
1081 2168 1148 2225 nihil
1177 2161 1325 2241 (lloiiaehis
1349 2172 1463 2227 maxime
1484 2169 1569 2224 Non-a

262 2257 359 2328 nisque
381 2254 526 2327 agentibus
548 2254 589 2315 id,
619 2271 737 2327 qnorum
761 2254 949 2329 inexplebilem
973 2255 1095 2329 quotidie
1118 2255 1257 2310 avaritiam
1281 2255 1430 2326 cernimus)
1458 2254 1545 2310 iratres

263 2348 359 2396 contra
381 2339 480 2395 lratres
502 2339 533 2393 ad
557 2339 729 2412 repetendam
753 2341 908 2413 patrimonii
932 2339 1038 2414 plenam
1061 2348 1178 2401 sortem.
1210 2338 1285 2396 velut
1311 2341 1449 2396 actionem
1479 2353 1545 2410 rupe·

264 2408 424 2492 lardariam,
453 2423 497 2478 bie
519 2422 596 2479 malis
618 2423 650 2478 ad
673 2441 724 2479 nos
752 2425 847 2480 avibus
875 2426 973 2481 missus
1001 2423 1106 2480 Satanae
1137 2422 1244 2497 legatus
1272 2424 1441 2481 concitabit?
1470 2421 1544 2478 bello-

263 2525 326 2564 rum
346 2509 559 2564 saevissimorum
583 2508 762 2582 odiorumque
784 2509 1052 2572 crudelissimorum,
1081 2510 1210 2565 mortium
1236 2509 1358 2583 denique
1381 2518 1409 2565 et
1431 2506 1544 2582 turpissi-

264 2608 367 2650 marum
390 2601 418 2649 et
440 2593 652 2648 miserrimarum
680 2594 724 2650 bic
752 2593 831 2650 uobis
860 2594 1009 2668 lmperator
1031 2594 1176 2649 Tartareus
1205 2592 1347 2650 buccinam
1378 2611 1428 2649 cen
1456 2599 1566 2667 pugnata

195 2679 379 2752 §.tttsiguum
403 2678 550 2752 precinct?
572 2678 699 2751 bispieite
723 2678 781 2746 liic,
814 2697 830 2733 o
854 2678 993 2739 Germani,
1023 2680 1074 2735 iam
1101 2679 1209 2735 demum
1234 2686 1327 2753 aperta
1351 2677 1429 2740 luce,
1457 2676 1541 2751 quibus

223 2835 228 2840 1
264 2765 316 2819 iam
339 2763 445 2819 undem
468 2780 499 2819 ac
521 2779 582 2819 sero
605 2779 691 2837 prope
713 2762 855 2819 ccrebmm
877 2765 983 2837 rigere.
1008 2763 1081 2836 quod
1104 2762 1209 2820 nullum
1230 2764 1347 2819 antebac
1363 2764 1427 2826 luit,
1453 2760 1540 2834 incipit

264 2849 350 2905 hocne
374 2847 517 2923 apostolici
548 2847 644 2921 legati.
674 2848 760 2903 nuntii
785 2849 873 2921 pacis,
903 2848 991 2921 angeli
1015 2847 1097 2910 lucis,
1128 2866 1158 2904 ae
1180 2865 1234 2903 non
1258 2849 1354 2921 potius
1378 2847 1483 2922 pessimi
1503 2860 1540 2898 ne

263 2933 382 2995 bolonis,
407 2933 555 2989 turbatoris
578 2933 694 3006 quietis,
718 2931 780 2987 niali
803 2934 934 2989 daemonis
957 2950 987 2988 ac
1010 2933 1137 2990 omnibus
1160 2932 1195 2988 ob
1213 2934 1352 2988 avaritiam
1368 2931 1491 2990 concitati
1507 2930 1538 2983 la·

263 3019 312 3074 riis
335 3020 371 3074 sit
394 3018 526 3074 officinm:
549 3017 768 3091 expergiscimini
791 3018 877 3074 adhuc
899 3027 927 3074 ot
949 3018 1091 3092 capescite'
1106 3016 1317 3091 rempublicam!
1541 3017 1560 3056 ¹¹

328 3104 488 3176 Legatos.
523 3102 592 3170 Quid
614 3103 650 3158 ita
673 3102 806 3158 moveris?

196 3194 265 3244 t..u.
328 3189 437 3243 Puer.
464 3188 538 3243 Adeo
561 3204 617 3243 nou
639 3186 728 3261 placet
749 3186 815 3243 milri
832 3188 868 3249 id,
892 3172 1060 3245 Germaniam
1076 3204 1221 3261 genuinam
1237 3204 1313 3243 suam
1328 3189 1451 3243 amittere
1465 3183 1533 3239 salem

264 3278 352 3327 vetera
376 3290 440 3334 sua,
472 3280 497 3327 tc
521 3281 633 3333 autore,
665 3272 804 3327 instituta:
829 3289 909 3345 qnam
931 3271 1027 3327 vellem
1050 3289 1105 3327 non
1128 3273 1236 3328 audisse
1259 3272 1318 3327 lime
1340 3290 1392 3328 me.

326 3355 453 3411 Heano.
491 3355 576 3411 Errant
598 3357 670 3412 lorte
693 3357 740 3430 qni
763 3364 790 3412 et
812 3357 870 3413 brec
892 3365 1001 3432 petent.
1034 3357 1187 3430 (paribusque
1216 3358 1278 3412 risui
1309 3374 1339 3412 ea
1362 3363 1440 3413 errant
1460 3353 1531 3408 adme
1572 3415 1575 3419 .

262 3438 340 3501 alum.
365 3441 415 3494 hos
438 3439 492 3495 huo
513 3441 605 3497 venire
629 3441 728 3496 iubebo
752 3450 848 3497 tamen.
1534 3439 1551 3477 ³⁵

327 3525 425 3579 Puer.
463 3524 545 3580 Nemo
568 3525 772 3604 bonus‚'nemo
795 3526 974 3583 Christianus.

195 3614 262 3664 §.tlt
312 3609 485 3681 begarius.
522 3608 550 3664 Si
573 3618 662 3665 tamen
684 3609 776 3685 aliqui.
821 3612 885 3669 llata
907 3620 948 3667 est
970 3610 1036 3666 ruilri
1058 3612 1139 3667 etiaim
1162 3617 1287 3685 potestas
1310 3611 1416 3667 creandi
1438 3603 1527 3683 protbe

263 3694 387 3749 notarius
410 3693 577 3768 apostolicos
600 3703 627 3749 et
652 3696 793 3770 acolythos
816 3715 901 3771 papa.

327 3778 454 3835 llenuo.
478 3777 576 3846 Quales
599 3779 626 3834 lii
650 3782 731 3835 sunt?

325 3864 425 3920 Puer.
463 3864 526 3919 Siue
547 3864 631 3922 dubio
654 3864 715 3920 mali
739 3867 812 3921 corvi
835 3865 904 3922 mala
928 3882 984 3922 ova.
1169 3880 1171 3883 ’
1528 3857 1545 3897 ⁰

325 3949 486 4024 Legatos.
524 3949 555 4004 lli
577 3960 642 4006 sunt
665 3951 711 4024 qm
733 3952 820 4025 nigris
843 3950 944 4024 galeris
967 3951 1088 4025 insignes
1112 3949 1196 4006 nullis
1219 3950 1358 4025 episcopis
1374 3952 1522 4056 praeterqtpffl

261 4114 464 4126 ——d

327 4215 475 4268 ²boniil
529 4217 550 4252 ¹²
569 4218 679 4283 opima?
733 4216 753 4249 ¹⁵
771 4234 785 4268 e
805 4219 902 4268 addidi
956 4216 1132 4281 Rnymundus
1151 4217 1272 4267 Persuld
1291 4234 1317 4267 a.
1334 4214 1405 4266 laea.
1424 4208 1519 4263 cardus·

261 4300 296 4350 lis
316 4302 483 4379 (inmensis,
495 4304 513 4366 †
533 4302 606 4354 1505.
625 4304 659 4366 τΙ.
675 4303 791 4353 Cluecon.
809 4305 874 4352 Vite.
885 4303 988 4367 ponltff.
1002 4303 1053 4352 111.
1068 4318 1093 4367 p.
1109 4302 1165 4351 172
1177 4318 1216 4367 sq.
1290 4301 1311 4335 ¹⁶
1329 4301 1423 4351 Iulium
1440 4294 1518 4356 (ΟΜ

234 4434 235 4437 ,
261 4385 714 4453 rem)etInlrnnumlnpostatam)
736 4387 995 4451 Cfidlutog.1vxrrs.
1047 4385 1384 4445 Bemardinocararuiab
1399 4368 1517 4433 ltomllldl

262 4470 412 4521 cardinalis
431 4473 531 4533 lactus,
552 4478 581 4523 ct
598 4473 739 4542 legatione
757 4488 808 4537 per
825 4472 1001 4522 Germaniam
1021 4470 1141 4521 functus.
1160 4472 1195 4534 cf.
1211 4471 1328 4521 Gtaceoa.
1343 4475 1360 4521 l.
1372 4487 1393 4518 τ.
1405 4486 1428 4532 p.
1438 4460 1516 4516 lldtl

261 4551 281 4584 ¹⁷
296 4553 387 4603 collar
406 4558 429 4606 l.
467 4555 487 4587 ¹⁰
505 4558 576 4606 Item
594 4558 653 4607 erld.
669 4559 784 4607 esame.
799 4560 823 4605 2.
859 4556 882 4588 ⁸⁰
900 4558 1040 4622 capessite
1060 4560 1085 4605 3.
1121 4555 1144 4589 ³³
1162 4564 1191 4605 to
1210 4561 1308 4606 autore
1327 4562 1384 4606 unte
1401 4545 1516 4618 genuinae

259 4651 356 4699 ponere
374 4639 482 4689 debebat
497 4656 572 4704 parer.
609 4640 664 4673 ³⁷⁴⁸
682 4641 1079 4706 Prollxonotariidposlollci.s
1113 4640 1250 4704 ¹Aeolytos
1271 4644 1293 4690 1.
1335 4639 1358 4672 ⁴⁰
1374 4615 1514 4687 malicus]

259 4717 359 4769 Kuaoii
377 4714 499 4786 κόρακος
517 4716 607 4774 κακὸν
625 4715 691 4774 tisis.
713 4725 806 4776 Zenob.
821 4726 867 4775 IV.
881 4724 923 4775 82.
937 4732 962 4774 et
981 4730 1023 4775 ull.
