3232 5422
310 375 358 424 xi.
427 389 590 424 rannerus.
659 389 800 428 oretenus
820 391 1006 426 narraremus.
1027 377 1111 439 (toto.)
1283 362 1377 433 373‘

58 544 176 610 venire,
206 544 330 620 pecuina
359 550 455 603 tamen
483 545 617 612 vincant,
645 552 679 604 ut
708 551 831 605 exaucto
859 547 960 622 precio
988 546 1117 624 depulsis
1145 546 1182 607 ab
1210 550 1358 626 emptione

59 643 201 705 tenuibus
223 644 293 713 illis,
323 663 378 722 pro
409 663 463 706 suo
491 647 546 723 ipsi
574 644 657 704 libito
683 644 761 724 quod
790 646 845 705 soli
873 657 1009 709 emerunt
1031 646 1085 708 soli
1107 649 1234 739 vendant
1255 656 1355 726 postea

60 763 151 823 quarn
174 744 264 806 velint
284 747 412 807 maximi.
457 748 573 825 quoties
603 764 673 807 rero
695 747 790 807 audiri
813 757 1029 827 conquerentes
1051 749 1192 810 delicatos
1214 748 1279 809 illos
1307 769 1355 810 ca.-

59 832 130 905 ruiu
163 864 228 906 esse
258 849 355 925 piper,
385 867 547 926 carumque
575 867 711 914 crocum,
743 849 822 927 quod
852 847 915 908 aliis
935 850 984 910 bic
1006 851 1222 912 mercatoribus
1244 851 1356 912 lndiam

37 947 236 1008 seleusissem
257 948 415 1015 Fnccheri,
445 950 515 1009 dum
544 948 675 1026 putridas
703 968 772 1010 suas
797 969 913 1011 merces
939 951 1058 1029 plurimi
1080 953 1249 1029 venderem„
1295 953 1424 1015 llo-§.io

61 1056 129 1108 ueta
153 1056 251 1109 antem
267 1050 487 1110 Fuccberornnr
504 1050 599 1128 qualis
621 1051 684 1110 est?
705 1068 804 1111 noune
827 1052 1010 1130 quindenarii
1032 1052 1072 1113 illi
1096 1072 1169 1131 quos
1192 1054 1199 1123 Ι
1221 1052 1356 1129 ξξξξῑξῖῦωω

60 1150 173 1211 cudunt
195 1151 353 1230 atquibus
381 1153 546 1212 universam
574 1151 772 1229 impleverunt
799 1154 1001 1223 Germaniam,
1029 1157 1139 1232 reperti
1167 1172 1261 1232 nuper
1289 1163 1357 1215 sunt

61 1252 162 1330 viginti
183 1271 277 1313 aureo
299 1271 359 1312 non
381 1251 497 1313 valere?
520 1271 578 1313 nou
602 1260 647 1314 est
669 1253 732 1312 baec
754 1253 835 1314 fraus
857 1252 930 1315 odio*
947 1255 1053 1332 digna?

124 1373 301 1416 »macaron
340 1354 405 1421 Est,
429 1356 521 1433 siquis
542 1356 710 1415 inveniatur
728 1354 778 1432 qui
801 1355 936 1413 conscius
958 1355 1013 1415 sibi
1036 1356 1081 1416 sit.

28 1471 62 1510 ¹⁰-
128 1475 330 1518 mancrsovs.
368 1455 412 1516 llli
434 1464 518 1525 sunt,
541 1463 622 1517 tuam
644 1453 760 1534 appello
783 1456 1000 1516 conscientiam.

125 1575 302 1620 naacaroa.
340 1557 370 1618 Si
392 1576 460 1618 vera
483 1565 581 1618 essent
595 1557 673 1626 bac,
697 1572 756 1626 non
771 1556 937 1618 videremus
951 1558 994 1616 sic
1010 1557 1169 1618 honoratos
1184 1546 1243 1627 eos,
1268 1559 1354 1628 etiam

60 1676 78 1716 a
99 1656 472 1735 lllnximiliano-iusiguitos
493 1658 653 1733 polrilitate.
1036 1694 1038 1697 -
1220 1685 1235 1711 v

123 1778 325 1821 rnanorscvs.
363 1761 408 1820 ah
429 1760 582 1831 nobilitas,
612 1779 700 1839 quum
729 1778 788 1820 non
819 1759 924 1828 bastae,
954 1777 1012 1818 non
1034 1759 1159 1829 'vexilla
1187 1758 1306 1845 Ιξῆξῇξῗῆ
1319 1769 1354 1794 ⁰⁰·

59 1878 120 1920 nou
135 1860 279 1938 phalerae,
302 1880 398 1940 neque
421 1863 572 1923 cicatrices
593 1868 786 1939 pepererunt,
810 1861 861 1921 sed
885 1862 1000 1920 iulamis
1021 1862 1214 1937 pecuniarum
1237 1879 1353 1938 posses·

30 1964 104 2024 usin
127 1963 304 2047 conciliavit,
333 1971 366 2024 ut
388 1965 485 2026 vacuis
507 1961 737 2023 rirttrtesaltem
760 1962 864 2024 divitie
887 1960 1114 2039 opitularentur!

123 2086 299 2128 macaron.
338 2067 443 2138 Quaeso
465 2072 495 2127 te
517 2062 708 2125 nobilitatem
721 2065 771 2141 qui
789 2063 896 2123 adimis
917 2063 1141 2124 -Fnccberorum
1170 2063 1284 2132 donini,
1314 2065 1421 2127 deon.

59 2165 167 2227 Leonis
181 2167 292 2249 Decimi
314 2166 476 2228 maioribus
498 2165 567 2244 quid
590 2166 680 2226 sentis
703 2164 833 2234 tandem,
857 2166 907 2242 qui
923 2184 958 2224 er
973 2164 1187 2224 mercatoribus
1203 2165 1270 2224 lacti
1286 2174 1355 2224 sunt

59 2269 252 2344 potentissimi
274 2286 369 2346 nuper
391 2268 557 2345 principes?

123 2389 325 2431 raaucrscrs.
363 2370 443 2430 ldern
466 2368 545 2447 quod
568 2368 605 2428 de
628 2369 690 2428 istis
712 2366 898 2427 Maximiliani
913 2366 1033 2437 scribiS,
1057 2386 1131 2446 qrros
1147 2376 1175 2428 et
1189 2369 1270 2446 ipsos
1285 2368 1353 2430 red·

32 2482 53 2520 n
62 2468 135 2528 didit
158 2459 310 2547 insignitos¹
333 2469 397 2539 ille,
420 2471 530 2530 rectius
551 2470 683 2530 tacturus
705 2472 729 2527 si
752 2469 833 2529 cruci
856 2468 1003 2529 adfixisset
1025 2470 1177 2547 qrrosdam.

123 2592 301 2633 macaron.
341 2572 376 2632 Et
396 2570 512 2632 nobiles
534 2588 592 2630 nou
615 2580 682 2630 sunt
704 2569 850 2630 lledicesi
1168 2569 1350 2646 llffflffiffilfflt·

122 2692 324 2736 rnancrscvs.
363 2674 481 2735 Nobiles
504 2680 698 2740 mercatores,
721 2678 754 2731 ut
774 2671 934 2737 Fuccberi.
957 2674 1093 2749 generosi
1115 2690 1184 2732 vero
1207 2676 1214 2744 1
1237 2671 1351 2747 dgffigffifc·

59 2791 121 2834 nou
144 2780 222 2834 suut.
1055 2782 1062 2795 ·

120 2894 294 2937 norrunva.
333 2874 418 2935 Certe
446 2877 579 2954 prolecto
606 2894 708 2935 verum
738 2876 881 2952 estquod
906 2874 1017 2952 probus
1039 2875 1145 2934 author
1167 2875 1279 2935 Seneca
1302 2875 1418 2942 aitnn.

20 2987 94 3036 :nex
117 2995 178 3055 qrro
200 2977 229 3035 in
252 2977 508 3054 honoreoeperit
531 2996 596 3038 esse
618 2979 756 3054 pecunia,
776 2994 886 3036 -vernrn
910 2977 1050 3037 cecidisse
1073 2994 1172 3035 rerum
1196 2975 1349 3034 bonorem.

122 3096 300 3139 narcaron.
338 3078 469 3138 invidere
492 3080 561 3138 istas
582 3079 668 3138 nobis
690 3096 761 3155 opes
783 3078 918 3137 videmini
941 3080 990 3155 qui
1013 3077 1178 3137 huiusmodi
1201 3061 1321 3135 iactatis.

121 3198 323 3240 raancrscva.
362 3179 542 3247 militemus:
572 3181 652 3257 ipsos
680 3197 731 3237 ros
759 3179 874 3238 odimus
901 3181 998 3255 potius
1025 3181 1074 3257 qni
1106 3197 1140 3238 ex
1164 3196 1197 3237 re
1220 3178 1351 3236 oninium

56 3280 259 3340 sordidissima
283 3279 424 3340 honorem
448 3282 583 3359 captetis,
608 3299 674 3340 cunr
698 3279 826 3339 dedecus
848 3282 1030 3356 pepereritis.

120 3401 300 3442 macaron.
337 3382 495 3453 Quomodo·
513 3382 660 3447 dedecus?
688 3383 744 3442 ianr
774 3388 817 3440 est
845 3382 902 3446 boc
925 3384 1001 3443 enirn
1025 3383 1157 3458 asperius
1180 3382 1209 3439 iu
1232 3397 1286 3438 nos
1308 3380 1351 3438 di·

17 3490 139 3543 ³⁰ctum
163 3501 251 3561 quam
273 3483 303 3542 ia
325 3482 419 3542 bonos
441 3485 518 3542 viros
541 3483 703 3543 conveniat.

120 3602 322 3645 rnancrscvs.
356 3585 459 3644 'Dicam
482 3585 645 3663 quomodo,
668 3585 719 3644 sed
736 3590 767 3644 ut
783 3584 839 3642 dici
854 3592 970 3661 posset,
994 3585 1084 3662 sirpus
1099 3583 1183 3644 vellet
1198 3601 1256 3642 uon
1273 3601 1342 3642 ron·
1358 3595 1418 3644 on.

57 3685 181 3745 riciaudi
192 3684 305 3745 studio:
322 3704 389 3746 curn
405 3704 454 3747 res
468 3687 587 3746 minime
599 3684 730 3745 liberalis
745 3686 782 3745 sit
796 3685 990 3752 mendacium,
1007 3704 1057 3743 ros
1073 3685 1224 3745 irrendacio
1240 3685 1348 3761 gaudo-
1373 3718 1380 3728 ·

57 3787 109 3854 tis,
134 3786 288 3846 mendacio
311 3788 412 3847 vivitis.
764 3788 767 3796 '
1111 3793 1113 3799 ’

126 3936 148 3970 ¹³
171 3939 306 3987 Similiter
329 3940 357 3987 iu
382 3953 490 3988 nnmmo
514 3940 631 3988 maximo
656 3940 701 4003 qui
726 3938 1035 3989 a.1518.inh0n0rem
1058 3939 1202 3988 Francisci
1226 3937 1353 4000 Sickingi

57 4038 141 4073 curus
170 4027 226 4083 est,
261 4022 349 4071 eidem
382 4039 414 4072 ex
443 4039 490 4072 ore
519 4024 647 4072 exeuntia
675 4023 735 4074 lraee
763 4025 850 4074 verbe.
879 4024 1088 4074 adscribuntur:
1122 4038 1207 4072 aunrs
1226 4043 1230 4051 ·
1251 4036 1354 4069 nancr-

57 4123 128 4158 mvrr
147 4137 154 4151 ·
171 4121 197 4156 ar
216 4139 221 4150 ·
240 4122 294 4156 non
315 4139 320 4150 -
337 4122 487 4157 canaonas
505 4140 510 4150 ·
529 4123 636 4158 unxina
656 4140 660 4149 -
679 4123 785 4158 causan
799 4142 804 4151 ·
818 4124 925 4158 ennean
939 4128 943 4136 ·
958 4121 1353 4161 anrs·vrcroa.ravcranv1r.

57 4206 304 4243 uena-annuns·
328 4192 435 4241 Anticae
449 4193 572 4242 eiusdem
585 4193 686 4241 nummi
705 4194 787 4257 parti,
808 4194 836 4241 in
856 4208 909 4257 qrra
928 4193 1114 4243 blaximilinni
1132 4193 1197 4256 imp.
1216 4197 1354 4254 sceptrum

57 4277 145 4340 leave,
170 4277 287 4327 dextera
306 4292 391 4326 manu
407 4275 529 4345 gladium
547 4278 669 4326 tenentis
689 4276 799 4339 efligies
819 4291 949 4340 expresso
975 4261 1029 4336 est,
1055 4277 1291 4340 circumscriptum
1312 4279 1355 4322 eat

58 4377 127 4412 cour
143 4376 256 4411 ωιτη·
272 4376 337 4410 axin
353 4395 357 4403 -
371 4376 490 4411 rvnurca
504 4394 510 4404 -
523 4375 579 4410 ana
593 4395 597 4403 -
611 4375 768 4417 rvsrvneva
784 4375 893 4409 -rvanu
910 4374 1061 4408 rr.n.xvrn.
1119 4357 1142 4392 ¹⁴
1160 4359 1257 4408 senec.
1274 4359 1354 4422 epist.

60 4446 116 4499 llb.
132 4447 201 4509 (xix.
216 4444 241 4505 n,
256 4447 300 4508 tn.)
320 4484 360 4509 ,‚..
377 4463 410 4497 ex
428 4462 481 4511 qno
500 4446 528 4494 in
546 4444 648 4496 honore
667 4447 752 4510 coepit
771 4461 831 4494 esse
851 4444 978 4508 pecunia,
998 4459 1079 4493 verne
1099 4459 1187 4493 rernm
1207 4445 1299 4492 honor
1311 4459 1355 4491 ce·

59 4533 141 4593 cidit,
166 4537 392 4595 mercatoresque
417 4535 445 4580 ct
467 4529 582 4580 venales
606 4530 724 4580 invicem
749 4528 818 4577 lecti
843 4528 984 4591 querimus
1009 4543 1061 4576 non
1080 4527 1162 4592 quale
1182 4525 1355 4592 aliquidque

59 4615 279 4681 aedquauti...”
315 4614 338 4647 ¹³
357 4615 502 4679 ceperim.
539 4611 641 4679 unos]
661 4629 711 4662 uos
726 4617 747 4662 1.
794 4608 1018 4675 ”menduciuml
1038 4610 1200 4676 Apollonius
1220 4611 1355 4678 apastob.

61 4701 140 4751 florii.
155 4702 204 4750 XI.
220 4699 264 4749 20.
295 4700 428 4762 „Mentiri
448 4698 599 4760 illiberale,
624 4701 729 4749 raritas
745 4695 871 4748 liberalia
891 4697 958 4745 est''.
