3210 5416
154 396 272 432 nrtnoor
292 396 399 432 sarrana
417 395 533 431 reserva
552 394 682 431 carneriis
697 378 741 445 [4.]
760 395 988 431 concitauerunt
1007 394 1269 432 ranonoorsranrrr.
1317 364 1384 437 581

100 566 176 613 etum
200 556 292 612 fratris
314 556 405 618 Petri,
428 555 540 612 lectoris
561 556 643 610 etium
664 556 868 611 Ptredimrteris:
893 564 956 611 tunc
978 566 1030 628 ego
1052 556 1155 629 primus
1170 556 1292 612 accedam
1308 565 1336 612 et
1352 558 1393 612 in·

100 641 300 719 suillaliolsilti
330 642 358 696 in
386 658 466 696 unam
496 657 587 698 airrem
616 639 680 714 ‘Ego
709 658 768 696 sum
798 641 929 701 Thomas,
964 633 1026 714 ditia
1055 642 1144 696 omnia
1177 658 1238 713 qnae
1272 658 1391 714 unqttnm

101 726 227 800 scripsi.
252 727 341 781 omnia
363 743 395 781 ex
418 726 612 800 spiritusanoto
635 727 746 799 scripsi,
769 734 797 781 et
819 741 956 798 uunquam
975 725 1064 781 errari
1088 726 1114 780 in
1137 725 1248 799 scriptis
1264 728 1339 787 meis,
1363 735 1391 783 ct

102 812 269 885 ‘quicunque
291 812 377 866 secuti
401 812 501 867 luerint
523 825 608 865 meam
631 811 791 873 doctrinam,
808 826 951 884 nunquam
974 809 1138 866 aberrabunt
1160 809 1193 864 ab
1208 811 1321 867 ecclesia
1337 812 1390 866 llo·
1491 850 1495 863 .

74 892 209 951 ruiana!
252 895 349 951 deinde
371 913 419 951 ros
443 896 521 951 tacite
543 894 676 950 similiter.
722 913 776 969 quo
800 897 870 952 lacto
893 904 1005 968 repente
1027 894 1149 951 volumus
1172 894 1262 950 volare
1285 913 1335 969 per
1350 897 1459 953 let-2⁸.

100 989 225 1037 nestram
245 998 304 1038 cum
321 997 417 1054 magna
431 981 622 1037 coruscatione
636 989 664 1035 et
681 980 879 1036 illuminatione
894 979 1019 1036 cubiculi.
1057 981 1092 1035 lle
1108 997 1184 1035 mane
1199 997 1266 1052 ergo
1282 981 1391 1055 tpuaado

101 1066 267 1127 sarrexerit,
298 1074 364 1121 tunc
391 1067 482 1122 statim
510 1064 668 1140 praedicabit
696 1065 769 1121 illam
798 1066 928 1121 visionem
957 1065 988 1119 ad
1008 1064 1151 1139 populum.
1195 1064 1286 1121 llahec
1309 1066 1391 1122 etiarn

101 1168 155 1224 ego
177 1167 260 1205 unum
290 1151 416 1223 spiritum
446 1149 621 1211 lamiliarem,
650 1149 724 1205 illum
746 1149 801 1222 ego
822 1148 883 1205 volo
906 1151 1015 1224 mittere
1038 1151 1069 1205 ad
1092 1150 1240 1206 lutherum
1263 1160 1290 1206 et
1313 1149 1391 1206 Eros·

102 1253 177 1291 mum
199 1236 231 1292 dc
255 1244 334 1291 nocte
358 1236 384 1291 in
407 1234 521 1296 lectum,
545 1244 575 1290 ut
598 1251 645 1290 eos
669 1233 780 1290 tribulet
804 1244 831 1290 et
852 1243 937 1290 reret.

68 1338 94 1376 m
172 1320 419 1377 llocltstratus.
456 1319 533 1375 Esset
555 1321 681 1394 prolecto
703 1320 773 1376 hona
804 1337 862 1381 res,
892 1320 939 1375 sed
969 1319 1116 1375 timendum
1144 1329 1199 1381 est,
1231 1337 1265 1375 ue
1292 1319 1459 1394 proila-lli·

102 1418 176 1466 mur.
207 1405 277 1459 sicut
308 1407 335 1460 in
357 1415 418 1461 actu
441 1405 569 1461 llcrnensi
592 1422 684 1461 smnus
706 1405 830 1460 confusi:
858 1422 911 1478 ego
941 1422 996 1460 non
1019 1403 1081 1459 volo
1103 1422 1163 1460 csse
1187 1406 1213 1460 in
1237 1406 1289 1460 lioc
1311 1404 1389 1461 ludo:

101 1492 131 1545 si·
149 1506 198 1545 vos
220 1488 330 1551 vultis,-
338 1491 455 1563 potestis
479 1497 596 1551 tentare,
619 1490 656 1544 ita
680 1498 768 1545 tamen
791 1490 863 1563 quod
886 1508 941 1545 non
964 1489 1077 1545 tralmtis
1093 1505 1135 1545 me
1158 1490 1184 1545 in
1207 1490 1259 1545 hoc
1274 1487 1388 1546 lactum:

100 1583 243 1648 peccatum
265 1584 383 1631 restrum
405 1574 432 1630 in
455 1583 537 1649 caput
559 1583 692 1630 vestrum:
720 1591 774 1630 non
798 1583 839 1629 cst
861 1574 962 1630 honum
991 1576 1079 1633 iocare
1105 1591 1165 1631 cum
1194 1575 1308 1631 sanctis:
1338 1592 1389 1630 nos

101 1672 198 1715 sumus
220 1658 385 1733 aliquotiens
407 1661 544 1733 sapientes
568 1660 630 1716 lacti
654 1659 680 1714 in
704 1659 798 1714 nnliue
821 1668 916 1716 nostro
937 1677 999 1715 eum
1015 1659 1068 1715 illis
1085 1659 1160 1715 lalsis
1176 1658 1323 1716 miraculis.
1361 1660 1388 1714 Si
1399 1657 1459 1706 Μῦ·

65 1752 196 1800 tsnatem
217 1743 318 1817 aliquid
341 1744 413 1800 aliud
436 1745 526 1806 scitis,
555 1745 611 1800 sire
633 1762 682 1818 per
705 1744 785 1817 ptos.
815 1745 871 1799 sire
900 1762 949 1821 per
976 1744 1092 1819 nephas,
1121 1743 1216 1800 dicatis
1245 1744 1388 1800 audacter:

99 1847 153 1901 ego
177 1828 239 1884 volo
262 1847 308 1884 ros
331 1828 485 1885 absolvere:
514 1830 536 1885 si
559 1829 658 1902 aliquis
681 1829 746 1885 mihi
768 1829 959 1890 confiteretur,
988 1829 1066 1903 quod
1084 1829 1228 1885 occidisset
1250 1829 1387 1890 lleueltlin.

98 1922 128 1969 et
150 1915 349 1976 semetsemet,
372 1932 424 1987 ego
446 1914 541 1969 vellem
564 1931 624 1969 curn
647 1913 787 1969 absolvere
808 1915 934 1970 omnibus
956 1915 1058 1970 modis:
1081 1916 1120 1970 sic
1142 1924 1169 1969 et
1191 1913 1238 1970 ibi.

164 1999 347 2055 Arnoldus.
385 1999 447 2073 Ego·
471 1999 538 2054 nihil
569 1999 626 2055 scio
654 1998 735 2054 aliud.
764 1998 819 2054 ‘illi
847 1999 991 2056 saeculares
1020 2008 1047 2055 et
1074 1999 1214 2055 studentes
1244 1996 1307 2053 scuit
1332 1999 1456 2053 iamt-tt.

99 2084 184 2139 astuti
207 2091 234 2139 ct
257 2083 324 2139 bene
347 2085 436 2141 sciunt
458 2092 566 2146 notare,
597 2101 650 2140 uon
672 2083 834 2157 permittunt
856 2102 885 2139 sc
908 2083 985 2140 facile
1006 2084 1145 2159 decipere:
1175 2098 1226 2156 ege
1247 2083 1390 2140 committo

59 2168 178 2225 aaronis
201 2176 228 2223 et
249 2170 359 2224 caeteris
379 2169 649 2242 magistrisncstris.

164 2252 410 2310 lloelistratus.
448 2254 584 2328 Sequens.
609 2255 740 2327 magister
760 2262 856 2310 noster
877 2255 970 2316 Petro.
994 2247 1042 2310 ros
1065 2255 1132 2310 estis
1156 2262 1235 2328 pater
1255 2252 1330 2308 valde
1347 2268 1389 2310 ze·

98 2337 192 2398 losus,
215 2347 243 2393 et
266 2354 319 2394 non
341 2339 482 2395 comeditis
504 2356 613 2400 carnem
636 2348 664 2394 et
686 2339 787 2413 ultique
810 2338 954 2401 laboratis,
978 2356 1011 2395 ue
1033 2338 1155 2395 habeatis
1176 2340 1273 2396 doctos
1296 2339 1322 2393 in
1345 2354 1389 2393 or·

69 2422 70 2427 ’
98 2423 163 2478 dine
186 2431 290 2485 vestro.
313 2424 376 2497 qnid
399 2441 466 2496 ergo
489 2423 566 2480 vobis
588 2423 711 2486 videtur,
740 2426 763 2480 si
786 2424 857 2483 forte
879 2434 952 2480 esset
974 2423 1117 2481 consilinm
1139 2433 1233 2506 contra
1248 2422 1320 2480 ,illos
1343 2439 1389 2478 ne·

99 2505 236 2564 hillones?
645 2537 649 2544 -

61 2610 94 2651 rs.
166 2592 300 2648 Petrus.
338 2592 371 2647 lli
395 2593 526 2667 magister
546 2602 730 2668 nostcrscgo
753 2597 860 2651 nescio:
884 2594 929 2650 ille
952 2595 1067 2651 mundus
1090 2603 1131 2650 cst
1154 2595 1205 2651 iam
1229 2601 1305 2650 tetus
1327 2610 1388 2667 per·
1399 2593 1457 2644 §.rs

98 2693 196 2732 versus
217 2687 244 2733 et
266 2676 362 2751 plenas
384 2678 529 2734 hereticis.
575 2689 696 2753 tempore
719 2696 792 2741 mec.
823 2680 930 2753 quaudo
954 2680 992 2735 lui
1024 2686 1113 2735 vester
1141 2678 1303 2753 discipulus,
1333 2695 1387 2733 non

96 2762 154 2817 mit
174 2762 261 2818 adltuc
282 2762 336 2825 sic:
364 2779 416 2836 ego
439 2763 540 2838 ubique
562 2763 672 2825 laboro,
701 2765 749 2819 sed
771 2764 838 2819 nilril
861 2764 989 2837 proficio:
1019 2762 1107 2838 placet
1136 2781 1204 2837 ergo
1227 2764 1291 2819 milri
1316 2763 1386 2835 quod
1466 2758 1469 2761 ’

98 2846 168 2902 dixit
191 2848 322 2920 magister
343 2856 438 2904 noster
459 2847 608 2922 lluplicius.
638 2857 669 2904 ut
694 2848 860 2904 dimittamus
888 2865 936 2904 eos
959 2849 1012 2904 sic:
1042 2857 1084 2904 est
1105 2848 1177 2904 lorte
1199 2866 1251 2904 una
1274 2848 1386 2902 intluen-

82 2928 88 2933 ”
99 2932 138 2987 tia
158 2931 293 2993 eoelestis.
316 2933 380 3006 quia
401 2950 508 3008 semper
530 2933 754 3008 postulandos
775 2935 848 2989 venit
871 2950 953 2989 tinum
975 2951 1074 2989 novum
1096 2932 1233 2989 secutum.
1277 2950 1324 2988 vos
1347 2932 1454 2986 visat.

63 3016 215 3077 sedebitis,
240 3017 312 3090 quod
335 3018 407 3073 sieut
429 3016 468 3073 illi
492 3018 602 3074 tralmut
624 3018 655 3074 ad
679 3017 765 3073 lucem
786 3017 979 3092 Hieronymum
1002 3026 1029 3073 et
1044 3018 1266 3092 chrysostomum
1289 3026 1317 3073 ct
1337 3033 1389 3073 cai·

98 3110 176 3157 teres
200 3100 263 3157 illos
282 3110 396 3176 poetas,
425 3103 464 3158 sic
486 3112 549 3177 post
566 3103 610 3158 nd.
626 3120 711 3158 annos
732 3103 857 3158 doctrina
880 3104 966 3158 sancti
989 3103 1099 3158 Therme
1125 3103 1179 3158 erit
1207 3102 1386 3164 etiamnum,

84 3194 130 3242 ·et
151 3187 178 3241 in
201 3188 301 3243 maiore
324 3187 502 3244 admiratione
526 3205 604 3261 quam
627 3206 721 3256 nnuc,
745 3189 806 3260 quia
836 3187 960 3243 homines
988 3205 1097 3262 semper
1125 3195 1257 3261 appetunt
1285 3187 1388 3242 novita-

99 3280 163 3326 tem.
207 3288 262 3327 non
285 3279 327 3327 est
349 3272 417 3328 bene
439 3272 583 3345 possibile,
603 3273 680 3347 'quod
703 3290 794 3328 omnes
817 3272 880 3327 libri
902 3273 1010 3328 interim
1032 3272 1228 3328 comburantur
1243 3289 1275 3326 ex
1291 3271 1388 3329 biblio·

101 3356 205 3412 thecis:
233 3366 327 3413 estote
344 3373 412 3430 ergo
435 3357 498 3413 lioni
522 3359 603 3414 animi
630 3367 656 3412 et
679 3358 843 3432 permittatis
866 3374 912 3412 ens
935 3358 1038 3420 lacere:
1062 3358 1170 3431 qnando
1194 3358 1283 3413 satiati
1306 3365 1387 3413 crient

61 3457 189 3514 reusque
211 3441 242 3497 ad
265 3458 406 3505 nauseam,
429 3451 493 3498 tunc
514 3443 666 3499 cessabunt.

164 3525 410 3582 llechstratns.
447 3527 569 3600 Sequens
591 3529 722 3601 magister
744 3535 839 3583 noster
861 3527 994 3601 Scroplra,
1017 3526 1105 3602 placet
1129 3528 1204 3584 robis
1225 3530 1305 3584 ctiam
1329 3529 1454 3585 stetur.

113 3673 115 3679 ¹
164 3611 326 3685 Scroplca.
365 3612 553 3686 Nequaquam:
577 3614 600 3668 si
622 3613 746 3669 volumus
768 3613 927 3688 permittere
949 3613 981 3668 ad
997 3612 1083 3669 lucem
1099 3612 1385 3685 venirelirangelium.

99 3705 165 3752 tunc
186 3714 281 3752 omnes
304 3698 424 3771 entique
448 3698 579 3760 haereses,
608 3697 733 3755 videlicet
755 3699 946 3760 Arrianorum.
968 3699 1189 3760 'manicheorum
1218 3698 1386 3754 llelvidiano·

100 3798 160 3837 rum
183 3790 211 3837 et
232 3789 337 3838 ceterae
360 3782 468 3837 venient
491 3783 602 3838 iterum:
633 3800 686 3839 non
709 3784 798 3845 scitis,
828 3784 900 3857 quod
923 3783 1030 3856 quando
1053 3791 1233 3856 regnaverunt
1256 3782 1294 3837 illi
1318 3783 1386 3836 anti·

65 3866 151 3939 toqui
173 3866 316 3928 doctores.
341 3867 414 3941 quod
437 3868 546 3922 inierunt
568 3867 660 3923 multae
683 3868 800 3924 hereses
825 3869 850 3923 in
873 3867 984 3925 ecclesia
1007 3869 1067 3930 dei,
1095 3886 1155 3941 quac
1177 3868 1211 3922 de
1233 3867 1320 3939 gratia
1342 3866 1385 3920 dei

101 3965 195 4006 omnes
224 3959 288 4007 sunt
312 3952 440 4007 extinctae
461 3960 490 4007 et
512 3952 608 4008 deletae
631 3970 680 4027 per
702 3954 911 4010 sacratissimam
934 3953 1084 4009 doctrinam
1106 3953 1228 4008 doctoris
1251 3951 1335 4006 saneti
1358 3958 1386 4005 et

100 4034 210 4092 subtilis
232 4035 322 4099 Scoti;
350 4037 423 4092 etsi
446 4036 485 4092 illi
509 4055 563 4093 non
585 4038 736 4100 veniissent,
767 4056 818 4111 ego
842 4038 933 4094 nescio
956 4037 1093 4110 quomodo
1115 4044 1200 4092 staret
1223 4035 1288 4090 iam:
1318 4050 1385 4107 ergo

100 4122 123 4176 si
146 4121 198 4176 linc
221 4121 376 4181 admittitis.
400 4139 450 4195 pro
472 4129 548 4178 certo
570 4139 624 4177 non
648 4123 715 4179 estis
738 4122 801 4177 lieni
823 4122 976 4182 christiani.
1000 4137 1086 4194 nerine
1108 4119 1213 4175 habetis
1235 4117 1322 4174 zelum
1337 4119 1386 4174 do·

99 4223 160 4261 mus
183 4206 235 4262 dei.
860 4228 862 4231 ·

67 4303 92 4342 ta
165 4290 409 4347 llocltstratus.
447 4290 503 4365 Ego
526 4291 644 4348 libenter
665 4290 760 4346 vellem
783 4291 871 4346 lacere
894 4296 1023 4361 quantum
1047 4290 1139 4350 inme
1161 4296 1217 4351 est,
1245 4289 1292 4344 sed
1314 4287 1451 4351 beccam.
1502 4312 1514 4340 e

100 4376 201 4432 auditis
216 4376 400 4432 diversitatem
423 4377 616 4449 magistrorum
638 4372 803 4430 nostrorum.
849 4374 970 4446 Sequens
992 4373 1123 4444 magister
1144 4381 1238 4430 noster
1253 4372 1382 4447 topotte.

120 4547 133 4551 ‚-
146 4543 302 4551 4,*-

169 4642 187 4675 ¹¹
210 4648 275 4692 netu
286 4641 430 4708 Bernenei]
450 4621 491 4693 de¹
503 4654 555 4707 qno
573 4640 680 4691 scelere
693 4656 719 4689 a.
736 4628 807 4690 1509.
828 4640 971 4691 commisso
989 4654 1071 4705 supra
1090 4641 1191 4705 asapius
1209 4641 1311 4691 dietum
1330 4645 1382 4692 est.

101 4725 541 4791 cr.vot.1.p-13tt.tdd.'2at.et
559 4730 610 4776 nrt.
629 4727 742 4790 Wipand
758 4726 835 4776 Wtrr.
883 4721 905 4755 ⁴⁸
924 4723 1180 4777 ct.10onn.11.tt.

112 4942 120 4969 l
