3210 5416
239 380 314 459 5⁹8
408 422 410 427 ’
458 467 461 469 -
681 410 798 444 DldLOGl
818 406 1089 442 rsuvnuttvrrnrttcr.

303 575 484 630 liuttenus.
521 569 638 647 Quoquo
661 568 742 625 modo
763 566 898 628 volueris,
921 566 1002 622 modo
1025 565 1131 621 leceris.

305 659 455 714 Veritas.
493 655 624 712 Facturus
647 671 676 710 es
699 660 789 708 autem
813 669 874 725 quae
897 650 1073 724 praecipiaml

244 759 250 766 ·
305 745 486 800 liuttenus
523 741 550 795 Si
574 737 717 795 ridebitur.

305 828 457 885 Veritas.
494 825 569 881 Pone
591 823 727 878 thoracem
749 828 778 877 et
798 818 913 893 galeam.

307 913 494 968 llottenus.
531 907 600 976 Quid
622 907 674 963 boe
697 906 736 962 rei
758 906 819 961 est?

308 997 459 1052 Veritas.
495 993 529 1049 lit
550 991 689 1048 baltheum
708 990 827 1054 solvito;
850 998 894 1050 tu,
918 1007 1002 1064 puer.
1025 1007 1118 1045 ensem
1141 991 1244 1064 accipe.

228 1116 234 1128 ·
309 1081 493 1137 llutteuus.
527 1077 685 1134 Exarmatus
707 1093 776 1130 sum.

310 1166 458 1221 Veritas.
496 1161 607 1218 Meliora
630 1159 783 1235 prestabo:
807 1159 888 1214 indue
911 1167 937 1215 te
961 1159 1073 1215 thorace
1096 1159 1156 1215 hoe.

309 1251 496 1306 llutteuus.
533 1245 623 1307 Proh,
647 1261 727 1318 quam
750 1252 880 1318 asperet
902 1243 1040 1299 aheneus!

310 1335 458 1391 Veritas.
495 1330 601 1387 lustitia
623 1337 673 1386 est.
718 1330 766 1385 sed
789 1329 866 1384 berte
888 1329 1029 1384 cervicem.

309 1420 492 1476 lluttenus.
530 1414 669 1471 induerem
693 1431 745 1486 ego
769 1430 861 1469 revera
885 1413 937 1468 trio
959 1414 1047 1487 capita
1071 1412 1165 1487 galero
1189 1412 1264 1469 buic.

310 1503 462 1561 Veritas.
499 1498 578 1556 Salus
600 1498 700 1554 Christi
723 1506 774 1554 est.

308 1588 494 1645 liutteuus.
531 1583 658 1640 baltheus
681 1600 744 1638 vero
766 1582 896 1638 candidus
919 1583 983 1656 quid
1005 1586 1065 1638 esti

309 1673 455 1730 Veritas.
495 1669 598 1726 Veritas
621 1667 820 1742 syncerissimo.
866 1684 937 1723 nunc
960 1675 1066 1723 scutum
1090 1667 1185 1724 obdito
1208 1668 1282 1724 lidei.
1367 1710 1368 1720 ,

309 1758 494 1814 lluttenus.
531 1742 599 1810 Num
623 1762 651 1809 et
672 1751 791 1825 gladium
814 1750 910 1807 dabis?

311 1842 459 1899 Veritas.
497 1838 705 1898 beatissimum.
730 1835 840 1892 verbum
863 1835 988 1892 videlieet
1009 1836 1061 1891 dei.
1116 1855 1118 1868 ·

312 1927 500 1983 lluttenus.
538 1922 623 1991 Quam
646 1921 714 1978 bene
737 1928 857 1977 armatus
880 1938 948 1978 suni.

193 2044 198 2055 .
232 2045 239 2058 ·
313 2012 462 2068 Veritas.
499 2007 618 2064 incedito
641 2023 720 2062 nune.

312 2099 500 2153 liutteuus.
538 2092 609 2156 0he,
632 2109 713 2165 quum
736 2107 779 2147 me
801 2090 901 2165 premit
924 2091 1019 2147 thorax
1041 2090 1111 2146 circa
1135 2090 1286 2164 crepundia
1308 2099 1338 2146 et
1362 2100 1461 2147 costas.

312 2181 461 2237 Veritas.
499 2175 650 2250 biglauiare
671 2176 814 2232 modicum.
1409 2223 1411 2227 ,
1536 2186 1550 2222 a

312 2267 498 2321 llutteuus.
536 2260 648 2317 biliicile
671 2268 789 2336 tractatu
811 2268 853 2316 est
876 2260 919 2316 hie
942 2258 1057 2333 gladius.

313 2349 462 2405 Veritas.
499 2347 592 2418 Longe
614 2344 695 2400 aliter
716 2361 750 2401 eo
774 2345 900 2402 utendum
924 2361 1004 2417 quam
1026 2342 1202 2418 eloquentiae.
1236 2344 1285 2399 sed
1308 2344 1483 2421 promptulos
1501 2361 1531 2402 es.

249 2445 279 2492 ut
302 2435 393 2494 video,
417 2442 444 2488 et
466 2429 641 2487 ambidexter.

180 2523 237 2570 itt·
313 2519 499 2574 liuttenus.
538 2515 592 2570 lam
615 2515 700 2588 igitur
722 2516 788 2571 satis
812 2514 991 2588 praemunitus
1014 2530 1088 2575 sum,
1112 2530 1146 2569 ne
1169 2513 1234 2569 mihi
1259 2522 1360 2570 noceat
1384 2516 1462 2590 quis?

312 2603 464 2663 Veritas.
498 2599 629 2655 Necdum:
659 2615 720 2655 nam
748 2607 775 2654 et
803 2599 970 2655 observanda
998 2608 1079 2654 erunt
1107 2597 1206 2672 aliqua.
1252 2616 1369 2655 usonem
1393 2618 1446 2655 uon
1466 2606 1551 2656 cura-ts

250 2690 305 2751 bis,
329 2705 384 2744 non
407 2685 525 2747 liberos,
549 2701 604 2740 non
627 2700 735 2746 aurum,
759 2684 807 2739 secl
831 2684 920 2739 cornia
942 2684 1002 2739 haec
1024 2692 1153 2757 tunquam
1176 2687 1265 2756 nugas
1289 2684 1472 2746 existimabis:
1498 2700 1534 2756 pa·

250 2772 330 2830 triam
352 2789 415 2829 vero
438 2769 554 2831 curabis:
584 2777 718 2842 (mourut
740 2767 860 2824 libertati
883 2769 980 2829 dones.
1005 2767 1143 2841 relinques
1166 2776 1309 2841 paternam
1333 2770 1459 2830 donmm,
1485 2786 1534 2840 spe

249 2860 335 2915 culam
359 2857 476 2931 aliquam
500 2853 663 2910 inhabitabis
685 2861 732 2909 aut
753 2853 888 2909 desertam
910 2853 1017 2908 turrim.
1063 2851 1149 2908 libros
1179 2852 1227 2906 tibi
1259 2854 1435 2927 comparabis
1456 2869 1534 2927 qoam·
1571 2879 1574 2901 r

253 2943 361 3018 plures,
390 2950 419 2998 et
447 2941 499 2996 bos
516 2938 655 3014 optimos,
686 2947 743 2994 tum
765 2937 865 2993 Christi
893 2936 1063 3010 evangelium
1090 2936 1246 3011 praecipue;
1270 2946 1299 2993 et
1330 2938 1355 2993 si
1386 2940 1447 3013 quis
1475 2936 1534 2992 ultra

254 3039 280 3086 te
303 3026 499 3104 proscripserit
521 3024 560 3081 vel
583 3021 762 3085 damnaverit,
786 3022 895 3079 minime
918 3022 990 3078 leres
1013 3020 1116 3078 acerbe.
1539 3027 1555 3066 ³

181 3117 240 3167 itt.
316 3112 505 3169 liuttenus.
542 3107 835 3169 promessionem
858 3123 901 3162 me
923 3105 1271 3180 instituisphilosopbum.

317 3197 468 3253 Veritas.
506 3192 700 3267 Philosophum
723 3209 908 3265 nequaquam,
930 3191 978 3247 sed
999 3190 1179 3247 christianum
1203 3190 1328 3248 militem.

315 3281 494 3336 liuttenos.
532 3280 567 3332 ht
589 3293 644 3334 noo
667 3278 704 3332 ita
726 3293 792 3332 suos
815 3293 903 3349 nuper
926 3275 1065 3349 insignivit
1087 3274 1200 3330 Carolus
1223 3274 1380 3350 imperator
1410 3278 1532 3333 maximus.

250 3383 312 3422 cum
334 3364 420 3438 potiri
442 3370 562 3437 creperet
585 3361 708 3436 imperio.

315 3449 464 3504 Veritas.
502 3447 521 3501 li
545 3444 639 3519 quales
662 3444 757 3518 quales
780 3445 848 3506 sint.
873 3443 940 3499 nihil
962 3462 1020 3500 mea
1044 3444 1174 3507 interest;
1196 3444 1346 3501 Glrristiani
1364 3446 1458 3502 militis
1472 3449 1555 3500 ararat

252 3541 315 3588 sunt
338 3533 451 3593 veritas,
476 3531 597 3592 iustitia,
621 3530 769 3590 fortitudo.
793 3529 925 3602 gravitas,
949 3528 1029 3591 lldes,
1052 3528 1163 3585 verbum
1186 3529 1304 3593 Christi.
1328 3531 1432 3605 quibus
1455 3530 1534 3586 teian

254 3616 387 3674 decorari.
422 3671 432 3691 .
1176 3631 1179 3635 ·

183 3709 242 3758 btv.
316 3700 503 3757 llutteuus.
541 3698 576 3754 ba
598 3706 626 3754 et
647 3715 744 3754 aureas
767 3699 906 3772 phaleras,
930 3707 957 3754 et
979 3699 1130 3754 cauterium
1153 3697 1280 3771 aliquem.

315 3785 462 3841 Veritas.
500 3782 654 3838 Cauterium
691 3781 795 3838 nullom
831 3785 866 3840 do
903 3783 1000 3844 aliurn.
1044 3801 1125 3856 quam
1160 3782 1266 3857 pullum
1304 3782 1372 3849 utu·
1392 3781 1533 3856 suhiuqalis.

251 3872 293 3927 coi
325 3870 424 3927 insedit
445 3869 569 3924 Christus
597 3867 722 3923 dominus
751 3866 784 3938 (si
814 3868 922 3942 quidem
950 3869 1074 3942 equitare
1102 3866 1189 3939 lubet)
1222 3877 1270 3923 aut
1304 3868 1384 3926 illurn
1413 3867 1554 3926 rachanas

252 3974 367 4012 asinum.

174 4082 179 4095 .
275 4058 279 4064 ·
318 4040 505 4097 liuttenus.
542 4038 600 4095 Non
623 4036 704 4093 alium
728 4037 792 4092 mihi
814 4038 891 4093 dahis
905 4037 1038 4094 caballum
1055 4042 1135 4112 quani
1151 4036 1250 4093 mulam
1266 4048 1314 4096 aut
1329 4040 1452 4096 asinum?
1473 4037 1532 4091 hisee

185 4124 397 4185 §.redebellabo
421 4133 462 4180 tot
483 4123 669 4180 adversarios?

317 4209 465 4265 Veritas.
502 4211 591 4282 Atque
613 4209 650 4264 ita
674 4209 823 4264 instructus
846 4208 966 4264 maximis
990 4207 1101 4277 regilius
1124 4216 1152 4262 et
1174 4207 1428 4281 prine'qsihus'eris
1454 4202 1529 4261 iorni·

253 4292 365 4356 dabilis;
395 4293 460 4366 quin
488 4303 516 4349 et
545 4293 597 4349 illis
620 4293 704 4349 libere
725 4292 935 4353 conviciaberis,
963 4292 1098 4365 siquando
1121 4310 1162 4347 me
1185 4292 1283 4347 rideris
1307 4292 1459 4351 obscurari:
1484 4293 1548 4342 nom⁵

255 4376 364 4432 timebis
388 4396 402 4433 a
426 4378 494 4433 lucie
516 4395 625 4439 eorum.
647 4387 676 4434 et
698 4379 756 4451 ipsa
778 4376 860 4432 etiam
883 4376 932 4433 tibi
956 4376 1052 4438 adero.
1085 4384 1116 4431 ut
1138 4374 1251 4432 liberem
1275 4385 1310 4433 te.
1357 4376 1397 4432 Ab
1418 4377 1465 4432 hoc
1484 4387 1527 4427 uro

258 4541 449 4550 ———-.—.

254 4724 264 4771 Ι
318 4638 342 4671 ¹⁴
360 4640 437 4772 rpihi]
458 4659 499 4694 me
520 4648 542 4694 1.
595 4644 617 4678 ⁸⁸
637 4641 800 4709 cauterium]
820 4640 1113 4710 cauteriar-Sella
1165 4639 1188 4675 ⁴⁰
1205 4600 1415 4695 Zachur.lll..ll
1457 4633 1523 4684 “Gl-

268 4737 350 4772 erem.
379 4724 448 4772 .8.’
