3210 5416
330 394 557 460 [rrncuumuuur]
593 410 691 446 secivo
712 411 884 445 ornoorrvs.
921 396 1005 459 (tato.)
1057 444 1062 454 ,
1240 384 1308 455 531

87 565 289 639 Chirurgus
327 565 469 640 Sapienter
492 567 607 640 (pridem.

88 650 221 705 Eccius.
261 650 356 706 Verum
385 668 434 708 uec
463 650 550 707 solum
582 651 720 715 tabernas,
751 652 797 707 sed
826 653 907 708 etiarn
934 639 1121 724 ἀρτοπώλια,
1149 655 1311 728 perpeteris,
1322 652 1384 701 W

32 726 188 807 innocencie,
205 736 344 806 πορνεῖα,
367 736 500 798 Meniauo,
524 736 664 798 Furniccs
688 737 851 810 Lupunaria.
875 737 1036 793 Prostibuie.

90 818 304 892 Chirurgus
333 820 384 875 Res
407 829 483 876 tinto
507 819 647 893 Theologo
669 822 836 894 dignissima

85 901 224 958 ¹liccius.
261 904 293 959 Et
316 905 373 959 truc
396 905 587 978 tragoediarum
611 922 731 961 meorum
754 905 853 960 inbuto.

39 1034 43 1040 .
90 987 296 1059 Chirutffgus
333 989 414 1043 Proin
437 998 464 1044 ct
487 989 593 1044 urinum
617 989 749 1063 inspicere
773 990 866 1045 refert
1218 995 1245 1011 ”
1324 1000 1384 1048 t-tt.

91 1069 223 1126 Eecius.
260 1071 336 1139 Quin
354 1081 395 1133 tu.
420 1091 500 1147 puer,
524 1073 596 1128 iliam
619 1075 708 1129 obers.

91 1154 295 1229 Chirurgus.
332 1157 419 1218 Proh,
443 1175 523 1231 quani
546 1156 615 1212 mete
638 1157 707 1212 olet!
732 1164 847 1213 naturae
859 1156 1249 1231 idertinctionerndesignat;
1272 1177 1317 1214 eo·

32 1256 70 1294 or
92 1257 222 1312 perquam
244 1240 334 1296 tenuis
356 1251 399 1297 est
421 1251 448 1297 ct
477 1241 648 1304 suintibidus‚
679 1242 781 1298 febrem
808 1240 948 1297 ardentem
975 1251 1003 1297 et
1033 1243 1158 1297 intrudens
1187 1244 1318 1317 praesagit

32 1322 168 1386 {ebrinum
191 1325 263 1397 quod
286 1325 310 1379 si
333 1325 416 1380 feltris
438 1326 588 1388 abesset,
583 1327 712 1381 insaniem
734 1327 850 1381 dicerem
874 1326 1000 1388 ferinam,
1028 1344 1089 1382 narn
1111 1335 1139 1382 et
1161 1326 1317 1401 hypostasis

32 1407 178 1476 'nriurocca
201 1409 350 1483 phrenitis,
373 1401 498 1465 sttdtitiae
521 1419 547 1465 ct
570 1410 672 1467 suroris
688 1411 737 1466 'est
760 1410 895 1466 ursticium.
940 1410 1042 1466 Sedet
1065 1428 1172 1466 ιιιιιιιιιιιι
1195 1413 1315 1485 porrige.

32 1501 55 1547 tt
78 1491 186 1566 pulsum
210 1511 330 1567 quoque
341 1494 487 1569 explorem.
532 1495 592 1555 Ιιιιί.
621 1513 700 1569 quam
724 1495 815 1568 segnis
838 1503 866 1550 ct
889 1495 977 1550 tenuis
998 1503 1101 1572 motus,
1125 1504 1182 1551 atro
1206 1504 1385 1570 supera-§.tn

33 1576 128 1631 tundat
150 1577 225 1638 hilis,
250 1579 314 1652 quin
338 1580 365 1634 et
387 1579 528 1636 subsultus
552 1580 683 1636 tremulus
705 1589 733 1635 et
756 1577 930 1635 iorrnieulnns
945 1580 1096 1654 proximum
1113 1579 1252 1636 interitum
1270 1581 1317 1636 im·

32 1660 129 1717 ninere
152 1663 335 1736 praenunciat,
358 1672 386 1718 et
408 1664 461 1719 uisi
484 1669 603 1720 actutum
627 1663 816 1724 subveniatur
839 1663 872 1718 de
896 1671 921 1717 te
944 1671 1032 1718 actum
1055 1673 1106 1720 est.

92 1746 224 1803 Eccius
261 1747 339 1804 Nuda
362 1748 447 1819 igitur
469 1766 531 1822 spos
554 1748 650 1804 salutis
673 1749 816 1823 superest?

88 1819 296 1926 Chirurgus.
333 1832 466 1906 Perquam
490 1834 593 1894 tenuis.
615 1851 677 1890 nom
700 1843 727 1890 et
749 1832 896 1888 medicandi
920 1832 991 1887 ratio
1013 1831 1126 1906 periculi
1149 1832 1238 1906 plena,
1261 1850 1315 1888 uon

32 1912 112 1969 totuin
136 1916 206 1972 enim
229 1910 413 2010 φαρμάκιις,
442 1918 489 1973 sed
512 1927 539 1973 ct
561 1919 731 1984 καυστικοῖς
753 1916 882 1972 utendum
901 1916 970 1978 erit.
1001 1917 1112 1972 morbus
1140 1917 1211 1972 euim
1234 1916 1315 1972 nitius

32 1997 129 2053 udices
152 2001 221 2073 egit,
244 2018 275 2055 ae
297 2001 385 2056 omnis
407 2001 446 2056 vis
469 2001 561 2057 rnnli'
555 2020 581 2057 ιιι
604 2002 763 2076 precordiis
786 2010 813 2056 et
836 2000 886 2055 suh
909 2009 970 2056 oute
993 2000 1068 2056 latet:
1318 2068 1322 2070 V

89 2082 221 2139 Eceius.
258 2083 325 2151 Quid
350 2085 434 2157 igitur
455 2086 602 2159 agendum,
626 2104 642 2140 o
664 2086 766 2142 Amici?
1325 2093 1400 2142 §.re

91 2168 208 2224 Amici.
245 2167 312 2237 Quid
335 2169 407 2224 aliud
431 2188 510 2244 quam
527 2171 654 2226 Fortunae
677 2170 760 2225 eloam
783 2169 892 2225 subire?
915 2169 1047 2242 siquidem
1071 2168 1152 2243 longe
1174 2170 1259 2225 satius
1275 2178 1316 2225 est

32 2251 74 2305 ub
98 2270 146 2326 spe
169 2253 291 2326 pristinae
314 2254 438 2309 sanitatis
461 2255 650 2328 recuperande
678 2256 767 2328 perire
795 2272 875 2328 quarn
903 2254 1012 2309 assiduo
1040 2252 1135 2310 dolore
1157 2247 1316 2315 conflictari,

32 2335 207 2392 munineutem
232 2345 318 2393 tamen
342 2337 482 2394 interitum
505 2339 575 2422 hapd
598 2340 716 2420 effingere
739 2357 829 2412 posse

87 2419 219 2476 Eeeius
252 2422 290 2477 Ut
312 2422 404 2484 video.
428 2404 545 2479 basilice
562 2424 669 2484 interii.
693 2441 754 2479 nam
777 2425 849 2478 inter
871 2440 976 2478 sacrum
1000 2439 1148 2497 saxumque
1170 2433 1223 2479 sto.

87 2503 291 2578 Chirurgus
330 2505 380 2563 Sed
403 2507 471 2564 heus
494 2517 537 2569 tu,
569 2509 641 2581 quod
664 2525 733 2581 pene
756 2507 857 2563 niolitus
880 2524 969 2567 crem,
1002 2524 1138 2579 nunquam
1162 2508 1219 2562 tibi
1250 2526 1313 2581 pro·
1325 2513 1383 2562 §.tt

32 2597 89 2644 iter
110 2589 225 2663 periculi
245 2591 457 2663 rnuagrritudinem
486 2609 580 2648 manus
609 2591 772 2653 actmoveho,
802 2592 854 2648 nisi
887 2609 937 2665 pro
967 2600 1076 2647 mortuo
1105 2592 1170 2647 mihi
1199 2593 1316 2648 traditus
1394 2644 1396 2647 ,

32 2674 123 2734 iteris,
154 2683 184 2729 ut
207 2675 230 2730 si
254 2675 489 2731 intersecantem
512 2693 622 2751 pereas,
651 2675 684 2731 ab
707 2677 778 2730 omni
802 2671 1030 2749 cutpa'inrmnuis
1052 2691 1166 2732 eeuseer
1187 2684 1214 2729 et
1238 2675 1316 2731 tiber.

88 2757 221 2813 Eccius.
260 2758 291 2814 Et
313 2759 372 2815 haee
393 2759 531 2817 calamitas
554 2759 619 2821 ulio,
644 2761 710 2821 tueri,
734 2760 803 2821 heu.
828 2769 946 2833 ostentus
968 2758 1065 2814 artifex
1089 2760 1188 2831 pereo!
1225 2795 1227 2797 -

88 2844 204 2898 Amici.
241 2842 365 2899 Animum
388 2844 566 2901 commnsenia
590 2854 678 2906 ιιιιιιιι,
709 2852 816 2899 utnon
840 2842 927 2898 sotum
951 2843 1074 2902 nomine.
1104 2844 1151 2897 sed
1180 2843 1260 2898 etiam
1284 2861 1314 2896 re

32 2944 82 2999 psa
104 2926 221 2982 liechius
243 2927 373 2991 videaris;
396 2928 479 2984 intrita
502 2930 572 2985 eninr
596 2946 657 3002 quae
680 2945 734 2982 uon
757 2928 908 3001 speraveris
931 2927 1092 3000 quaudoque
1115 2927 1250 2982 eveniunt.

89 3010 218 3067 Eccius.
256 3011 328 3084 Ergo
351 3012 499 3086 perieulum
522 3013 690 3073 subeundum
712 3013 847 3067 censetis?
1326 3019 1386 3068 ete,

87 3096 205 3151 Amici.
242 3095 339 3163 Quidni
362 3099 535 3153 censeamus?
558 3096 654 3172 peristi
677 3098 761 3157 eninr.
786 3097 836 3152 nisi
860 3093 1033 3170 pericliteris.

87 3178 216 3235 Eeeius.
253 3180 344 3254 Neque
362 3181 419 3250 ¹iarn
442 3181 519 3237 Salus
543 3183 614 3256 ipsa.
638 3181 660 3235 si
683 3180 754 3241 rub.
777 3198 819 3237 me
841 3195 948 3235 servare
971 3186 1070 3252 potest.

88 3265 203 3319 Amici.
241 3264 362 3326 Confido.
393 3266 470 3339 prius
493 3275 582 3322 tamen
605 3265 786 3321 confessionis
809 3265 960 3320 auditorem
983 3261 1187 3326 attvoeabimus,
1219 3263 1315 3336 quite

32 3367 36 3402 ι
60 3347 220 3403 criminibus
242 3349 351 3425 expiare
374 3348 469 3405 valeat.

89 3431 223 3488 Eccius.
260 3435 281 3487 A
304 3432 481 3489 criminibus?
504 3434 684 3507 quibusnam?

87 3517 204 3573 Amici.
241 3517 385 3578 Pessimis.
409 3519 460 3572 nisi
485 3526 520 3586 tu.
535 3518 569 3573 ab
592 3520 663 3573 onrni
687 3517 747 3574 labe
770 3535 855 3592 purus
878 3517 924 3572 sis.

87 3601 217 3657 Eccius.
255 3600 287 3657 Et
309 3602 472 3675 purissimus
495 3603 610 3676 quidem.
656 3603 702 3658 sed
726 3603 851 3676 quioniam
875 3600 997 3657 couhteri
1023 3618 1067 3655 res
1090 3601 1126 3654 sit
1158 3599 1259 3662 tacitis,
1289 3608 1316 3654 et

32 3686 169 3759 unicuique
191 3702 251 3758 quae
273 3685 363 3742 dicere
385 3685 451 3741 velit
473 3695 519 3742 aut
540 3687 609 3742 nolit
632 3686 762 3748 liborum.
785 3687 876 3759 agite,
907 3685 982 3740 robis
1005 3702 1065 3741 mos
1088 3693 1214 3756 geratur.
1238 3685 1315 3739 adve-

85 3769 248 3824 Auditor.
286 3767 376 3831 Salve,
400 3770 527 3842 Magister
548 3771 655 3827 Noster.
811 3781 814 3788 '
1163 3764 1233 3844 [nist
1256 3766 1382 3821 diet-²7·

84 3940 300 4014 'dpromotet'e
319 3954 343 4000 4.
368 3948 500 4015 πορνεῖα]
525 3951 587 4001 λεῖα
607 3955 663 4001 Μ.
684 3952 745 4001 λεια
765 3955 825 4000 2.3.
857 3951 891 3998 Et
914 3953 940 3998 ιἰι
957 3965 1037 4013 marg.
1062 3948 1138 4009 „Ubi
1160 3946 1315 3996 venduntur

32 4050 118 4086 tenes.
139 4034 287 4099 Coqninns.
306 4034 504 4087 Diuersicotsss’
518 4050 610 4085 omnes.
646 4026 819 4097 docendian,
834 4024 962 4096 Hopvet’‚
975 4022 1154 4088 ἀναπαύλας,
1168 4021 1315 4093 ἐκτροπάς.

32 4119 161 4185 Aristoph.
176 4120 246 4169 Ren.
263 4117 318 4166 112.
333 4132 373 4182 sq.
426 4117 450 4150 ¹⁰
467 4118 602 4182 delyrium
622 4122 645 4167 1.
700 4116 720 4150 ¹⁷
737 4114 888 4172 καυςικοὶσ
907 4121 929 4166 1.
949 4115 1161 4166 medicamentis
1180 4113 1313 4163 devoran-

32 4204 72 4263 tis,
91 4202 141 4253 sed
160 4203 244 4253 etism
264 4202 405 4251 causticis.
458 4200 480 4233 ²³
499 4205 575 4252 Inter
593 4217 673 4251 sacre
692 4216 840 4265 saxumque
858 4197 920 4264 ato]
940 4200 972 4248 In
990 4204 1096 4247 summo
1111 4196 1314 4262 periculosum.

32 4288 116 4337 etant.
131 4285 213 4351 Cspt.
227 4278 278 4335 111.
291 4285 352 4346 Ast.
372 4287 488 4336 Locutio
502 4303 519 4336 ιι
535 4301 619 4351 porco
637 4301 686 4350 por
703 4283 827 4333 fetialem
846 4283 972 4332 feriando
990 4286 1108 4347 sunopts.
1159 4276 1227 4321 ²¹⁴⁴·
1246 4281 1315 4328 Enm

32 4373 203 4436 puoestionem
220 4384 275 4418 nou
293 4370 362 4432 ioci,
382 4370 429 4419 scd
447 4384 536 4434 poenre
555 4367 697 4419 homicidii
716 4366 851 4416 eritnndae
870 4380 955 4415 causo
973 4365 1118 4415 faciebant
1136 4380 1202 4429 quos
1220 4379 1315 4429 operu-

32 4467 248 4505 oreovocrmus.
295 4450 318 4484 ¹⁷
337 4452 443 4515 ‘Qualis
457 4453 560 4503 artifex
571 4451 675 4517 pereot'
694 4455 760 4499 note
773 4450 889 4499 Neronis
903 4449 1078 4498 exclamatio.
1108 4449 1184 4498 Suet.
1197 4449 1261 4498 Ner.
1273 4447 1315 4498 49.
1375 4495 1377 4507 .

32 4541 138 4589 'oteret
155 4535 254 4586 Grae'cc
273 4536 370 4604 doctus
382 4536 487 4586 Echino
505 4553 538 4585 ex
556 4531 646 4585 Di'one
665 4520 687 4584 oi
707 4531 779 4594 Ζεῦ,
798 4527 860 4590 οἷος
877 4533 1007 4598 τεχνίτης
1028 4529 1252 4598 παραπόλλυμαι
1271 4548 1315 4580 ex-

32 4622 155 4672 clamare.
212 4617 235 4650 ⁸³
253 4636 285 4669 re
301 4617 373 4684 ipsa]
392 4619 456 4669 beck
467 4638 502 4663 =
515 4620 616 4680 oudnx,
638 4619 727 4668 sortis.
786 4615 808 4647 ²¹
826 4614 917 4681 smus]
936 4616 973 4665 ei.
987 4632 1070 4681 snpra
1083 4618 1106 4676 fl.
1120 4616 1161 4666 tn.
1181 4616 1317 4665 Similiter

32 4703 79 4756 lic.
95 4710 126 4755 et
145 4705 255 4754 cornici.

1027 4782 1091 4842 nt·
