3232 5422
322 364 370 413 XI.
440 378 601 415 emotas.
671 378 811 416 ursaceus
831 379 1015 416 rrvrrrnrcrs.
1040 365 1129 429 (¹520.)
1294 355 1360 424 391

69 534 175 611 pitius;
199 533 319 611 qrridam
341 534 423 611 regio
444 531 564 599 morbo,
595 531 670 592 alius
698 532 797 601 febre,
828 531 958 594 nonnulli
981 535 1079 596 scabie
1101 546 1129 596 ct
1151 536 1302 598 ulceribus
1330 539 1365 599 ad

69 637 115 694 sui
139 633 253 694 cultum
275 633 408 694 hominos
431 642 554 711 cognom
585 641 627 693 est
656 635 705 711 qui
728 653 813 693 sacre
836 636 896 710 igni
918 636 1053 697 medetur
1074 639 1239 707 invocatus,
1263 646 1293 699 et
1314 640 1366 700 do·

69 735 166 795 lorem
188 734 322 796 dentium
344 735 423 813 quod
439 735 552 813 mitiget
566 737 715 796 inventum
731 754 839 795 nomnen
856 744 909 795 est.
944 740 1010 816 quis
1024 740 1134 816 putavit
1149 747 1245 800 autem
1262 740 1367 801 morbo

70 836 199 905 Gallice,
223 835 361 896 omnibus
381 844 463 896 retro
485 835 599 896 saeculis
621 838 769 914 incognite
791 836 884 904 malo,
908 838 1087 916 peculiarem
1111 848 1139 900 et
1161 850 1288 902 veterem
1304 861 1368 902 esse

49 939 181 998 adeum?
211 946 359 998 ettamen
381 939 555 997 invenerunt
576 938 631 996 isti.
675 938 1028 1016 quinetiamtempestate
1051 948 1150 1001 nostra
1173 935 1314 1021 quosdam
1338 944 1366 1002 in

69 1040 154 1099 diros
176 1038 342 1107 retulerunt
362 1039 468 1098 morbi
503 1038 583 1098 Talia
606 1045 674 1098 sunt
696 1040 862 1117 quaerendu
878 1040 960 1100 lucro
983 1041 1169 1102 sacerdotum
1198 1039 1206 1126 Ι
1228 1040 1355 1126 ξξιῇξζξᾱξζ
1369 1055 1435 1103 §.ea

68 1142 203 1218 ingenia:
236 1142 324 1200 etiem
346 1159 412 1218 quae
433 1141 559 1219 fortune
581 1157 645 1199 esse
668 1140 845 1209 creduntur,
873 1161 889 1200 a
920 1145 1007 1204 certis
1030 1143 1103 1202 diris
1126 1151 1155 1202 et
1177 1153 1278 1220 petere
1300 1143 1366 1204 reli·

69 1243 118 1318 gio
142 1249 187 1301 est
210 1248 239 1301 et
261 1242 429 1318 deprecari,
453 1241 579 1310 diuitias,
601 1240 710 1309 robur,
739 1243 878 1311 sormam,
908 1244 1123 1304 diuturniorem
1145 1247 1248 1315 uitam,
1276 1247 1367 1323 capti-

69 1343 204 1411 vitatem,
227 1343 377 1410 incendia,
401 1329 588 1420 naufragium
595 1390 602 1410 ,
625 1349 751 1403 mortem
780 1351 809 1407 et
831 1343 926 1405 subita
948 1346 1062 1413 omuia;
1086 1345 1142 1405 soli
1159 1345 1276 1406 Christo
1296 1345 1368 1408 nibil

37 1443 208 1504 rerelictum
231 1451 290 1513 ea,
322 1442 405 1504 solus
426 1446 451 1504 is
474 1445 568 1504 omnis
591 1446 654 1523 opis
677 1451 764 1523 atque
792 1445 890 1505 auxilii
919 1447 1013 1507 inaniis
1034 1455 1095 1517 est.
1140 1450 1177 1507 ita
1210 1444 1366 1530 wilm]

68 1547 216 1623 antiquari
238 1547 389 1623 patiuntur
410 1547 474 1606 eius
495 1547 684 1615 memoriam,
706 1563 803 1623 neque
826 1546 914 1606 deum
936 1555 1097 1624 precantur
1119 1567 1197 1609 ritino
1220 1549 1363 1617 bomiuee,

68 1647 121 1706 sed
144 1647 182 1706 ad
204 1664 279 1706 nova
302 1645 348 1708 illa
377 1648 497 1710 minima
525 1648 633 1724 passim
662 1655 859 1716 concurrunt,
893 1649 977 1725 quasi
1004 1651 1042 1708 ita
1071 1648 1119 1709 ille
1147 1652 1268 1711 virwtes
1296 1669 1364 1711 suos

69 1745 134 1808 aliis
157 1746 297 1824 elargitus
318 1750 369 1817 sit,
394 1756 426 1809 ut
446 1766 478 1808 se
500 1749 616 1826 penitus
639 1747 813 1809 exhauserit.
841 1749 950 1810 iaciunt
964 1756 1061 1811 autem
1078 1753 1250 1812 commentis
1265 1751 1430 1817 baernum

58 1866 136 1925 ,quae
160 1866 278 1925 semper
294 1851 452 1927 contigisse
465 1857 625 1911 narrentur
639 1849 795 1918 miracula,
819 1868 969 1929 {tunquam
985 1853 1154 1927 contingen·
1177 1850 1185 1935 Ι
1207 1876 1258 1912 rae.
1269 1876 1363 1913 anm..

39 1952 108 2010 tatia
137 1949 350 2021 ostendentem
384 1959 414 2010 et
441 1957 539 2011 tamen
567 1968 758 2029 permagnam
787 1950 826 2011 ibi
855 1960 985 2029 segetem
1011 1959 1127 2013 nitebunt
1153 1953 1266 2014 artibus
1292 1972 1366 2032 quas

71 2058 195 2120 norunt,
218 2054 323 2112 astutis
342 2052 477 2130 quidem,
501 2052 553 2112 sed
575 2071 648 2131 quas
671 2052 754 2114 ieeile
773 2052 973 2131 intelligerent
989 2056 1140 2122 Germani,
1165 2056 1220 2114 nisi
1234 2054 1364 2132 plumbei

72 2159 170 2217 emeat
191 2152 280 2231 vulgo
301 2153 475 2218 intellectus.
635 2150 638 2154 ’

132 2265 311 2316 macaron.
349 2255 439 2315 Iidem
463 2255 553 2315 credo
566 2264 786 2334 persuaserunt
805 2256 892 2317 nobis
911 2257 1179 2336 ubiquepompem
1202 2254 1209 2341 Ι
1243 2256 1364 2334 iffi?

72 2372 174 2433 agere,
198 2356 277 2435 quod
299 2356 488 2415 commodum
510 2356 565 2417 sibi
587 2357 709 2417 adserat.
1325 2373 1329 2379 '

44 2468 66 2507 ²⁰
135 2476 310 2518 serranus.
347 2457 456 2518 Iidem:
477 2466 577 2536 'atque
610 2459 678 2518 binc
711 2457 760 2539 illa
791 2466 874 2528 sunt,
910 2479 977 2520 cum
1010 2459 1195 2538 baptizantur
1218 2462 1433 2531 inlentesuua.

70 2559 227 2636 magnifica
250 2559 397 2627 convivia,
421 2557 476 2618 illae
498 2558 697 2621 intolerabiles
719 2560 776 2620 iam
799 2559 876 2621 ultra
897 2562 1036 2622 funerum
1057 2563 1211 2640 impense:
1235 2562 1364 2623 relidunt

69 2666 181 2720 terram
205 2654 384 2736 sepulchris,
408 2667 496 2736 atque
512 2680 554 2721 eo
575 2663 698 2740 propius
719 2669 868 2724 mortuum
885 2682 1032 2742 quemque
1047 2665 1147 2724 iulerri
1171 2659 1301 2745 iffi&
1313 2671 1364 2697 ¹¹⁰¹·
1442 2717 1445 2725 .

66 2761 147 2840 apud
171 2779 204 2820 se
225 2761 391 2837 patientem,
422 2780 481 2839 quo
510 2760 576 2839 plus
603 2781 792 2824 nunrmorum
821 2764 957 2833 contulit;
986 2764 1035 2825 ubi
1064 2772 1123 2825 tota
1153 2782 1363 2843 rroununquarn

65 2862 181 2940 predia
203 2864 405 2938 expiscantur‚
429 2870 459 2922 et
479 2880 568 2940 agros
589 2882 624 2923 ac
646 2863 728 2924 villas
749 2866 786 2925 ad
808 2885 840 2925 se
862 2868 1048 2944 conquirunt.

24 2972 54 3011 '2⁵
135 2982 336 3024 ranucrscvs.
375 2964 459 3035 Quod
481 2965 600 3042 quidem
622 2966 675 3025 iste
698 2967 775 3027 norit
796 2968 905 3043 optime
928 2986 962 3026 ex
986 2966 1127 3027 Fuclieris
1170 2965 1354 3050 {fflffipll'fciff
1366 2984 1432 3033 §nan

63 3066 148 3133 suis,
162 3123 169 3131 ,
183 3080 258 3142 quos
285 3067 521 3126 reverentissime
550 3065 660 3129 halent
686 3065 741 3136 illi,
777 3069 845 3145 quia
873 3066 909 3127 ab
939 3068 980 3127 eis
1013 3067 1158 3128 donantur
1193 3068 1364 3149 nitriliiiceu-

60 3166 189 3226 tissime.
236 3163 325 3235 lllud,
359 3165 500 3236 Hutteue,
533 3168 627 3228 vidisti
658 3170 796 3247 Auguste
823 3168 845 3228 F
848 3168 1045 3229 uccberorum
1079 3167 1235 3248 aliquando
1268 3166 1364 3246 sepul·

61 3267 199 3328 clarum?v
532 3262 536 3268 ’

134 3387 309 3430 maranus.
344 3368 417 3438 Quis
437 3387 500 3428 noo
519 3369 606 3430 vidit?

9 3468 49 3514 ὐ
135 3488 336 3532 rnauorscve.
370 3470 407 3530 Ut
429 3477 594 3531 ernustum
618 3473 675 3531 est!

129 3569 306 3633 'uvrrsuve
351 3571 476 3650 Regium
510 3574 538 3632 iu
572 3591 694 3632 nrorem.
750 3574 801 3634 sed
841 3574 918 3634 bene
950 3576 1113 3635 (insumitis
1147 3577 1237 3646 cedit,
1277 3583 1364 3656 atque

68 3675 159 3751 igitur
182 3674 230 3750 pio
252 3670 323 3733 illud
346 3691 499 3735 murmure
521 3680 550 3734 et
572 3676 645 3734 mire
668 3676 783 3735 sonoris
806 3676 925 3736 cottidie
947 3676 1075 3754 preculis
1105 3679 1362 3755 circumstrepunt.

140 3908 148 3941 ¹
169 3925 227 3974 reg.
242 3907 337 3974 morb]
358 3910 448 3959 letero
467 3925 488 3958 s.
508 3910 601 3959 morbo
626 3916 742 3974 arqrrnto
761 3913 821 3975 quis
840 3916 952 3961 sanctus
967 3913 1109 3963 medeatur
1121 3913 1245 3977 equidem
1260 3913 1363 3971 incaelo,

70 3996 190 4044 lenense
213 4000 270 4044 tres
294 4009 382 4058 reges.
419 3995 461 4043 De
484 3995 620 4044 comitiali
644 3995 736 4045 inorbo
759 4012 781 4045 s.
806 3996 941 4061 epilepsia
964 3996 991 4045 S.
1010 3997 1186 4046 Valentinum
1211 3997 1237 4045 ei
1262 3996 1365 4045 mederi

68 4080 215 4145 notissime
233 4095 277 4130 res
296 4085 352 4139 est,
372 4094 454 4143 quem
473 4079 561 4143 ipsum
580 4079 696 4144 vulgare
715 4080 801 4130 morbi
821 4096 919 4130 nomen
940 4084 1098 4130 attestetur.
1164 4078 1245 4143 febri]
1266 4081 1292 4128 S.
1313 4081 1363 4128 l¹e=

69 4163 188 4214 tronella
213 4168 241 4212 et
259 4162 387 4213 Salvator
410 4163 445 4212 ab
469 4164 571 4224 Horta,
602 4166 816 4215 l'rauciscanus.
887 4164 983 4213 scabie
1001 4161 1062 4229 ete]
1087 4163 1114 4213 S.
1140 4164 1363 4228 Symplrorianus,

70 4251 136 4298 item
155 4248 182 4296 S.
203 4247 312 4297 Rocbus
331 4253 359 4297 et
378 4247 424 4296 SS.
439 4248 551 4298 Cosmus
576 4255 604 4299 et
621 4251 789 4309 Damianus3
821 4249 886 4297 item
911 4248 937 4296 S.
963 4247 1036 4296 Hiob
1062 4264 1096 4297 ec
1120 4248 1256 4298 Martinus
1279 4249 1363 4298 Terro-

70 4332 173 4382 u'ensis.
228 4329 378 4396 ulceribus]
400 4331 484 4381 etium
497 4331 523 4381 S.
538 4333 695 4398 Stephanus
714 4336 742 4381 et
754 4331 781 4381 S.
795 4332 935 4394 Quirinus.
989 4328 1097 4381 'sacro
1115 4329 1185 4397 igni]
1205 4332 1363 4396 s.scapulis

67 4416 284 4467 sectaremini.
330 4416 362 4449 Μ
382 4417 466 4466 dolor.
480 4415 564 4482 dent]
584 4417 611 4466 S.
625 4417 780 4482 Apollonia.
827 4413 859 4447 Μ
877 4416 970 4466 morbo
989 4414 1073 4481 Gall]
1093 4416 1119 4466 S.
1139 4416 1362 4485 symphorianus,

67 4502 94 4551 S.
113 4501 239 4561 Boebes,
265 4501 315 4552 Iob
334 4506 362 4551 et
379 4501 557 4551 S.Fiacrius.
588 4502 623 4551 cf.
642 4503 749 4551 Butten
772 4501 805 4550 de
830 4499 948 4550 Gueiac.
969 4499 1016 4550 lib,
1037 4516 1098 4566 cap.
1116 4500 1136 4549 l.
1200 4499 1362 4567 ⁴vetercm]

68 4586 95 4636 S.
108 4587 220 4637 Rocbus
238 4584 258 4646 †
276 4602 301 4634 a.
318 4584 401 4644 teau,
420 4584 506 4636 morbi
519 4585 621 4636 Gallici
640 4602 738 4636 nomeu
757 4592 879 4650 tempore
896 4585 1077 4635 Huttenienae
1100 4585 1229 4650 pueritiae
1248 4585 1364 4651 primum

69 4672 192 4722 auditum
212 4675 264 4720 est.
299 4668 320 4703 ²¹
340 4669 543 4720 intollerabilem
562 4673 586 4719 t.
