<?xml version="1.0" encoding="UTF-8"?>
<!DOCTYPE html PUBLIC "-//W3C//DTD XHTML 1.0 Transitional//EN"
    "http://www.w3.org/TR/xhtml1/DTD/xhtml1-transitional.dtd">
<html xmlns="http://www.w3.org/1999/xhtml" xml:lang="en" lang="en">
 <head>
  <title>
</title>
<meta http-equiv="Content-Type" content="text/html;charset=utf-8" />
  <meta name='ocr-system' content='tesseract 3.04.00' />
  <meta name='ocr-capabilities' content='ocr_page ocr_carea ocr_par ocr_line ocrx_word'/>
</head>
<body>
  <div class='ocr_page' id='page_1' title='image "./ulrichihuttenie05huttgoog/ulrichihuttenie05huttgoog_0422.png"; bbox 0 0 3188 5422; ppageno 0'>
   <div class='ocr_carea' id='block_1_1' title="bbox 242 372 1326 449">
    <p class='ocr_par' dir='ltr' id='par_1_1' title="bbox 242 372 1326 449">
     <span class='ocr_line' id='line_1_1' title="bbox 242 372 1326 449; baseline 0.006 -15"><span class='ocrx_word' id='word_1_1' title='bbox 242 385 304 435; x_wconf 81' lang='lat' dir='ltr'><strong>xil.</strong></span> <span class='ocrx_word' id='word_1_2' title='bbox 374 400 520 435; x_wconf 72' lang='lat' dir='ltr'><strong>nantinus.</strong></span> <span class='ocrx_word' id='word_1_3' title='bbox 590 400 730 435; x_wconf 81' lang='lat' dir='ltr'><strong>niacoovs</strong></span> <span class='ocrx_word' id='word_1_4' title='bbox 750 384 1126 449; x_wconf 62' lang='lat' dir='ltr'><strong>uvrrunrcvslrosrruvs).</strong></span> <span class='ocrx_word' id='word_1_5' title='bbox 1252 372 1326 441; x_wconf 73' lang='lat'><strong>417</strong></span> 
     </span>
    </p>
   </div>
   <div class='ocr_carea' id='block_1_2' title="bbox 17 547 1477 4192">
    <p class='ocr_par' dir='ltr' id='par_1_2' title="bbox 17 547 1477 4192">
     <span class='ocr_line' id='line_1_2' title="bbox 39 547 1329 635; baseline 0.002 -21"><span class='ocrx_word' id='word_1_6' title='bbox 39 555 279 632; x_wconf 79' lang='lat' dir='ltr'><strong>tauerepotesti</strong></span> <span class='ocrx_word' id='word_1_7' title='bbox 312 562 362 615; x_wconf 92' lang='lat' dir='ltr'><strong>aut</strong></span> <span class='ocrx_word' id='word_1_8' title='bbox 383 554 532 617; x_wconf 74' lang='lat' dir='ltr'><strong>nmlieet</strong></span> <span class='ocrx_word' id='word_1_9' title='bbox 552 556 643 616; x_wconf 87' lang='lat' dir='ltr'><strong>armis</strong></span> <span class='ocrx_word' id='word_1_10' title='bbox 665 573 726 633; x_wconf 68' lang='lat' dir='ltr'><strong>per⁴</strong></span> <span class='ocrx_word' id='word_1_11' title='bbox 740 556 874 616; x_wconf 80' lang='lat' dir='ltr'><strong>iniuriam</strong></span> <span class='ocrx_word' id='word_1_12' title='bbox 883 547 1035 634; x_wconf 73' lang='lat' dir='ltr'><strong>sadenpu</strong></span> <span class='ocrx_word' id='word_1_13' title='bbox 1055 558 1220 635; x_wconf 87' lang='lat' dir='ltr'><strong>armisper</strong></span> <span class='ocrx_word' id='word_1_14' title='bbox 1242 574 1329 616; x_wconf 65' lang='lat' dir='ltr'><strong>occa</strong></span> 
     </span>
     <span class='ocr_line' id='line_1_3' title="bbox 37 655 1325 735; baseline 0.002 -19"><span class='ocrx_word' id='word_1_15' title='bbox 37 658 153 717; x_wconf 82' lang='lat' dir='ltr'><strong>sionem</strong></span> <span class='ocrx_word' id='word_1_16' title='bbox 176 657 329 735; x_wconf 79' lang='lat' dir='ltr'><strong>repetere?</strong></span> <span class='ocrx_word' id='word_1_17' title='bbox 362 675 457 734; x_wconf 76' lang='lat' dir='ltr'><strong>neque</strong></span> <span class='ocrx_word' id='word_1_18' title='bbox 480 663 567 735; x_wconf 89' lang='lat' dir='ltr'><strong>puto,</strong></span> <span class='ocrx_word' id='word_1_19' title='bbox 595 663 697 716; x_wconf 86' lang='lat' dir='ltr'><strong>eontra</strong></span> <span class='ocrx_word' id='word_1_20' title='bbox 719 664 852 717; x_wconf 90' lang='lat' dir='ltr'><strong>naturam</strong></span> <span class='ocrx_word' id='word_1_21' title='bbox 883 675 950 718; x_wconf 89' lang='lat' dir='ltr'><strong>oum</strong></span> <span class='ocrx_word' id='word_1_22' title='bbox 978 658 1072 717; x_wconf 78' lang='lat' dir='ltr'><strong>sites</strong></span> <span class='ocrx_word' id='word_1_23' title='bbox 1095 655 1325 719; x_wconf 77' lang='lat' dir='ltr'><strong>liberoseraum</strong></span> 
     </span>
     <span class='ocr_line' id='line_1_4' title="bbox 37 758 1326 838; baseline 0.001 -19"><span class='ocrx_word' id='word_1_24' title='bbox 37 759 122 828; x_wconf 82' lang='lat' dir='ltr'><strong>lieri,</strong></span> <span class='ocrx_word' id='word_1_25' title='bbox 156 766 273 819; x_wconf 74' lang='lat' dir='ltr'><strong>conns</strong></span> <span class='ocrx_word' id='word_1_26' title='bbox 287 758 367 834; x_wconf 77' lang='lat' dir='ltr'><strong>leges</strong></span> <span class='ocrx_word' id='word_1_27' title='bbox 394 777 458 819; x_wconf 83' lang='lat' dir='ltr'><strong>esse</strong></span> <span class='ocrx_word' id='word_1_28' title='bbox 473 759 594 819; x_wconf 85' lang='lat' dir='ltr'><strong>-debere</strong></span> <span class='ocrx_word' id='word_1_29' title='bbox 623 759 661 818; x_wconf 75' lang='lat' dir='ltr'><strong>acl</strong></span> <span class='ocrx_word' id='word_1_30' title='bbox 688 766 800 820; x_wconf 70' lang='lat' dir='ltr'><strong>naturae</strong></span> <span class='ocrx_word' id='word_1_31' title='bbox 822 759 932 822; x_wconf 84' lang='lat' dir='ltr'><strong>donum</strong></span> <span class='ocrx_word' id='word_1_32' title='bbox 955 762 1119 838; x_wconf 77' lang='lat' dir='ltr'><strong>respicere:</strong></span> <span class='ocrx_word' id='word_1_33' title='bbox 1150 779 1185 837; x_wconf 77' lang='lat' dir='ltr'><strong>ea</strong></span> <span class='ocrx_word' id='word_1_34' title='bbox 1209 760 1326 820; x_wconf 73' lang='lat' dir='ltr'><strong>bennam</strong></span> 
     </span>
     <span class='ocr_line' id='line_1_5' title="bbox 38 860 1396 944; baseline -0.001 -24"><span class='ocrx_word' id='word_1_35' title='bbox 38 861 113 920; x_wconf 76' lang='lat' dir='ltr'><strong>[iales</strong></span> <span class='ocrx_word' id='word_1_36' title='bbox 136 867 195 929; x_wconf 88' lang='lat' dir='ltr'><strong>est,</strong></span> <span class='ocrx_word' id='word_1_37' title='bbox 228 879 286 938; x_wconf 81' lang='lat' dir='ltr'><strong>qua</strong></span> <span class='ocrx_word' id='word_1_38' title='bbox 313 860 418 920; x_wconf 83' lang='lat' dir='ltr'><strong>darnus</strong></span> <span class='ocrx_word' id='word_1_39' title='bbox 439 860 691 944; x_wconf 70' lang='lat' dir='ltr'><strong>quoilalebeutus</strong></span> <span class='ocrx_word' id='word_1_40' title='bbox 735 862 796 938; x_wconf 71' lang='lat' dir='ltr'><strong>Age</strong></span> <span class='ocrx_word' id='word_1_41' title='bbox 824 868 935 930; x_wconf 88' lang='lat' dir='ltr'><strong>autem,</strong></span> <span class='ocrx_word' id='word_1_42' title='bbox 970 862 1035 939; x_wconf 71' lang='lat' dir='ltr'><strong>queis</strong></span> <span class='ocrx_word' id='word_1_43' title='bbox 1056 869 1115 921; x_wconf 84' lang='lat' dir='ltr'><strong>tam</strong></span> <span class='ocrx_word' id='word_1_44' title='bbox 1138 863 1251 921; x_wconf 76' lang='lat' dir='ltr'><strong>iniuriae</strong></span> <span class='ocrx_word' id='word_1_45' title='bbox 1272 880 1323 940; x_wconf 86' lang='lat' dir='ltr'><strong>pa·</strong></span> <span class='ocrx_word' id='word_1_46' title='bbox 1336 869 1356 918; x_wconf 86' lang='grc' dir='ltr'><strong>ι.</strong></span> <span class='ocrx_word' id='word_1_47' title='bbox 1366 873 1396 915; x_wconf 76' lang='lat' dir='ltr'><strong>ts.</strong></span> 
     </span>
     <span class='ocr_line' id='line_1_6' title="bbox 17 961 1437 1040; baseline 0 -18"><span class='ocrx_word' id='word_1_48' title='bbox 17 964 117 1022; x_wconf 63' lang='lat' dir='ltr'><strong>anans</strong></span> <span class='ocrx_word' id='word_1_49' title='bbox 140 980 205 1022; x_wconf 87' lang='lat' dir='ltr'><strong>esse</strong></span> <span class='ocrx_word' id='word_1_50' title='bbox 232 961 334 1031; x_wconf 85' lang='lat' dir='ltr'><strong>debet,</strong></span> <span class='ocrx_word' id='word_1_51' title='bbox 370 970 405 1021; x_wconf 79' lang='lat' dir='ltr'><strong>ut</strong></span> <span class='ocrx_word' id='word_1_52' title='bbox 429 981 463 1028; x_wconf 78' lang='lat' dir='ltr'><strong>aa</strong></span> <span class='ocrx_word' id='word_1_53' title='bbox 491 964 566 1024; x_wconf 84' lang='lat' dir='ltr'><strong>ierat</strong></span> <span class='ocrx_word' id='word_1_54' title='bbox 594 981 660 1040; x_wconf 83' lang='lat' dir='ltr'><strong>quaa</strong></span> <span class='ocrx_word' id='word_1_55' title='bbox 686 964 716 1022; x_wconf 91' lang='lat' dir='ltr'><strong>iu</strong></span> <span class='ocrx_word' id='word_1_56' title='bbox 732 963 1069 1023; x_wconf 82' lang='lat' dir='ltr'><strong>Germania-iaciebant</strong></span> <span class='ocrx_word' id='word_1_57' title='bbox 1097 962 1221 1022; x_wconf 80' lang='lat' dir='ltr'><strong>Romani</strong></span> <span class='ocrx_word' id='word_1_58' title='bbox 1249 970 1328 1030; x_wconf 74' lang='lat' dir='ltr'><strong>berte,</strong></span> <span class='ocrx_word' id='word_1_59' title='bbox 1433 1024 1437 1034; x_wconf 74' lang='grc'>,</span> 
     </span>
     <span class='ocr_line' id='line_1_7' title="bbox 37 1063 1329 1150; baseline 0.001 -27"><span class='ocrx_word' id='word_1_60' title='bbox 37 1081 165 1142; x_wconf 69' lang='lat' dir='ltr'><strong>qumqtm</strong></span> <span class='ocrx_word' id='word_1_61' title='bbox 188 1064 298 1131; x_wconf 84' lang='lat' dir='ltr'><strong>Varus,</strong></span> <span class='ocrx_word' id='word_1_62' title='bbox 315 1063 411 1139; x_wconf 20' lang='lat' dir='ltr'><strong>*borno</strong></span> <span class='ocrx_word' id='word_1_63' title='bbox 433 1065 565 1124; x_wconf 86' lang='lat' dir='ltr'><strong>amulum</strong></span> <span class='ocrx_word' id='word_1_64' title='bbox 588 1072 659 1150; x_wconf 70' lang='lat' dir='ltr'><strong>panto</strong></span> <span class='ocrx_word' id='word_1_65' title='bbox 682 1082 756 1142; x_wconf 89' lang='lat' dir='ltr'><strong>quos</strong></span> <span class='ocrx_word' id='word_1_66' title='bbox 779 1072 857 1125; x_wconf 86' lang='lat' dir='ltr'><strong>terra</strong></span> <span class='ocrx_word' id='word_1_67' title='bbox 881 1064 1003 1144; x_wconf 86' lang='lat' dir='ltr'><strong>protulit</strong></span> <span class='ocrx_word' id='word_1_68' title='bbox 1025 1065 1213 1124; x_wconf 74' lang='lat' dir='ltr'>avarissimus</span> <span class='ocrx_word' id='word_1_69' title='bbox 1233 1072 1265 1124; x_wconf 86' lang='lat' dir='ltr'><strong>et</strong></span> <span class='ocrx_word' id='word_1_70' title='bbox 1284 1064 1329 1124; x_wconf 90' lang='lat' dir='ltr'><strong>in-</strong></span> 
     </span>
     <span class='ocr_line' id='line_1_8' title="bbox 29 1157 1329 1244; baseline -0.001 -19"><span class='ocrx_word' id='word_1_71' title='bbox 29 1165 228 1243; x_wconf 66' lang='lat' dir='ltr'><strong>iquissimus?</strong></span> <span class='ocrx_word' id='word_1_72' title='bbox 260 1157 400 1244; x_wconf 84' lang='lat' dir='ltr'><strong>quicum</strong></span> <span class='ocrx_word' id='word_1_73' title='bbox 422 1166 535 1243; x_wconf 69' lang='lat' dir='ltr'><strong>Syriam</strong></span> <span class='ocrx_word' id='word_1_74' title='bbox 558 1173 625 1226; x_wconf 78' lang='lat' dir='ltr'><strong>aitte</strong></span> <span class='ocrx_word' id='word_1_75' title='bbox 647 1165 801 1244; x_wconf 73' lang='lat' dir='ltr'><strong>spoliante</strong></span> <span class='ocrx_word' id='word_1_76' title='bbox 827 1168 1075 1235; x_wconf 63' lang='lat' dir='ltr'><strong>circumtunsam,</strong></span> <span class='ocrx_word' id='word_1_77' title='bbox 1109 1167 1272 1226; x_wconf 84' lang='lat' dir='ltr'><strong>Germanos</strong></span> <span class='ocrx_word' id='word_1_78' title='bbox 1294 1185 1329 1226; x_wconf 77' lang='lat' dir='ltr'><strong>eu</strong></span> 
     </span>
     <span class='ocr_line' id='line_1_9' title="bbox 39 1267 1330 1346; baseline 0.001 -20"><span class='ocrx_word' id='word_1_79' title='bbox 39 1274 101 1326; x_wconf 88' lang='lat' dir='ltr'><strong>toto</strong></span> <span class='ocrx_word' id='word_1_80' title='bbox 124 1284 301 1329; x_wconf 78' lang='lat' dir='ltr'><strong>consumere</strong></span> <span class='ocrx_word' id='word_1_81' title='bbox 322 1267 486 1346; x_wconf 81' lang='lat' dir='ltr'><strong>peculaudo</strong></span> <span class='ocrx_word' id='word_1_82' title='bbox 502 1268 697 1335; x_wconf 63' lang='lat' dir='ltr'><strong>instituerata</strong></span> <span class='ocrx_word' id='word_1_83' title='bbox 710 1267 809 1345; x_wconf 83' lang='lat' dir='ltr'><strong>ibique</strong></span> <span class='ocrx_word' id='word_1_84' title='bbox 832 1288 875 1328; x_wconf 89' lang='lat' dir='ltr'><strong>ea.</strong></span> <span class='ocrx_word' id='word_1_85' title='bbox 889 1269 948 1328; x_wconf 80' lang='lat' dir='ltr'><strong>tute</strong></span> <span class='ocrx_word' id='word_1_86' title='bbox 964 1268 1102 1345; x_wconf 85' lang='lat' dir='ltr'><strong>superbia</strong></span> <span class='ocrx_word' id='word_1_87' title='bbox 1125 1275 1155 1328; x_wconf 80' lang='lat' dir='ltr'><strong>et</strong></span> <span class='ocrx_word' id='word_1_88' title='bbox 1174 1270 1262 1328; x_wconf 75' lang='lat' dir='ltr'><strong>annui</strong></span> <span class='ocrx_word' id='word_1_89' title='bbox 1278 1270 1330 1328; x_wconf 90' lang='lat' dir='ltr'><strong>im·</strong></span> 
     </span>
     <span class='ocr_line' id='line_1_10' title="bbox 39 1369 1330 1447; baseline 0.002 -20"><span class='ocrx_word' id='word_1_90' title='bbox 39 1370 187 1446; x_wconf 84' lang='lat' dir='ltr'><strong>potentia,</strong></span> <span class='ocrx_word' id='word_1_91' title='bbox 217 1375 249 1429; x_wconf 90' lang='lat' dir='ltr'><strong>ut</strong></span> <span class='ocrx_word' id='word_1_92' title='bbox 264 1376 375 1429; x_wconf 69' lang='lat' dir='ltr'><strong>&lt;mente</strong></span> <span class='ocrx_word' id='word_1_93' title='bbox 399 1370 570 1447; x_wconf 83' lang='lat' dir='ltr'><strong>conciperet</strong></span> <span class='ocrx_word' id='word_1_94' title='bbox 597 1369 705 1429; x_wconf 76' lang='lat' dir='ltr'><strong>bestias</strong></span> <span class='ocrx_word' id='word_1_95' title='bbox 734 1387 799 1429; x_wconf 88' lang='lat' dir='ltr'><strong>esse</strong></span> <span class='ocrx_word' id='word_1_96' title='bbox 821 1372 984 1431; x_wconf 85' lang='lat' dir='ltr'><strong>Germanos</strong></span> <span class='ocrx_word' id='word_1_97' title='bbox 1011 1376 1040 1429; x_wconf 85' lang='lat' dir='ltr'><strong>et</strong></span> <span class='ocrx_word' id='word_1_98' title='bbox 1067 1371 1180 1429; x_wconf 87' lang='lat' dir='ltr'><strong>ratione</strong></span> <span class='ocrx_word' id='word_1_99' title='bbox 1203 1372 1330 1430; x_wconf 85' lang='lat' dir='ltr'><strong>carentia</strong></span> 
     </span>
     <span class='ocr_line' id='line_1_11' title="bbox 21 1453 1329 1549; baseline 0.004 -24"><span class='ocrx_word' id='word_1_100' title='bbox 21 1469 145 1537; x_wconf 81' lang='lat' dir='ltr'><strong>abruta,</strong></span> <span class='ocrx_word' id='word_1_101' title='bbox 169 1488 228 1530; x_wconf 75' lang='lat' dir='ltr'><strong>raon</strong></span> <span class='ocrx_word' id='word_1_102' title='bbox 250 1470 400 1539; x_wconf 73' lang='lat' dir='ltr'><strong>borsines,</strong></span> <span class='ocrx_word' id='word_1_103' title='bbox 424 1490 520 1549; x_wconf 90' lang='lat' dir='ltr'><strong>neque</strong></span> <span class='ocrx_word' id='word_1_104' title='bbox 541 1470 630 1533; x_wconf 88' lang='lat' dir='ltr'><strong>ullam</strong></span> <span class='ocrx_word' id='word_1_105' title='bbox 653 1453 763 1531; x_wconf 87' lang='lat' dir='ltr'><strong>tantam</strong></span> <span class='ocrx_word' id='word_1_106' title='bbox 786 1479 850 1532; x_wconf 88' lang='lat' dir='ltr'><strong>esse</strong></span> <span class='ocrx_word' id='word_1_107' title='bbox 872 1471 1074 1547; x_wconf 73' lang='lat' dir='ltr'><strong>indignitatem</strong></span> <span class='ocrx_word' id='word_1_108' title='bbox 1097 1491 1187 1549; x_wconf 83' lang='lat' dir='ltr'><strong>quam</strong></span> <span class='ocrx_word' id='word_1_109' title='bbox 1201 1473 1329 1533; x_wconf 84' lang='lat' dir='ltr'><strong>aversari</strong></span> 
     </span>
     <span class='ocr_line' id='line_1_12' title="bbox 38 1557 1329 1652; baseline 0.002 -21"><span class='ocrx_word' id='word_1_110' title='bbox 38 1590 93 1631; x_wconf 84' lang='lat' dir='ltr'><strong>nos</strong></span> <span class='ocrx_word' id='word_1_111' title='bbox 116 1572 238 1632; x_wconf 83' lang='lat' dir='ltr'><strong>‹leceret</strong></span> <span class='ocrx_word' id='word_1_112' title='bbox 258 1580 309 1632; x_wconf 86' lang='lat' dir='ltr'><strong>aut</strong></span> <span class='ocrx_word' id='word_1_113' title='bbox 330 1557 432 1632; x_wconf 76' lang='lat' dir='ltr'><strong>contra</strong></span> <span class='ocrx_word' id='word_1_114' title='bbox 455 1591 542 1652; x_wconf 85' lang='lat' dir='ltr'><strong>quarn</strong></span> <span class='ocrx_word' id='word_1_115' title='bbox 564 1573 724 1633; x_wconf 70' lang='lat' dir='ltr'><strong>resistere¹¹</strong></span> <span class='ocrx_word' id='word_1_116' title='bbox 755 1576 853 1652; x_wconf 85' lang='lat' dir='ltr'><strong>itaque</strong></span> <span class='ocrx_word' id='word_1_117' title='bbox 872 1571 945 1632; x_wconf 85' lang='lat' dir='ltr'><strong>nihil</strong></span> <span class='ocrx_word' id='word_1_118' title='bbox 968 1573 1108 1633; x_wconf 76' lang='lat' dir='ltr'><strong>anierrtiae</strong></span> <span class='ocrx_word' id='word_1_119' title='bbox 1129 1590 1190 1642; x_wconf 74' lang='lat' dir='ltr'><strong>suae</strong></span> <span class='ocrx_word' id='word_1_120' title='bbox 1218 1581 1329 1652; x_wconf 86' lang='lat' dir='ltr'><strong>tempe-</strong></span> 
     </span>
     <span class='ocr_line' id='line_1_13' title="bbox 39 1673 1399 1752; baseline -0.001 -19"><span class='ocrx_word' id='word_1_121' title='bbox 39 1676 242 1741; x_wconf 85' lang='lat' dir='ltr'><strong>ravit,·omue</strong></span> <span class='ocrx_word' id='word_1_122' title='bbox 264 1673 405 1750; x_wconf 74' lang='lat' dir='ltr'><strong>flagitium</strong></span> <span class='ocrx_word' id='word_1_123' title='bbox 428 1682 457 1734; x_wconf 87' lang='lat' dir='ltr'><strong>et</strong></span> <span class='ocrx_word' id='word_1_124' title='bbox 479 1693 566 1736; x_wconf 87' lang='lat' dir='ltr'><strong>omne</strong></span> <span class='ocrx_word' id='word_1_125' title='bbox 588 1693 677 1735; x_wconf 88' lang='lat' dir='ltr'><strong>ausus</strong></span> <span class='ocrx_word' id='word_1_126' title='bbox 697 1674 861 1734; x_wconf 72' lang='lat' dir='ltr'><strong>mtscelm.</strong></span> <span class='ocrx_word' id='word_1_127' title='bbox 897 1675 1086 1752; x_wconf 68' lang='lat' dir='ltr'><strong>Quapropter</strong></span> <span class='ocrx_word' id='word_1_128' title='bbox 1102 1692 1157 1751; x_wconf 82' lang='lat' dir='ltr'><strong>ego</strong></span> <span class='ocrx_word' id='word_1_129' title='bbox 1173 1673 1243 1734; x_wconf 86' lang='lat' dir='ltr'><strong>illud</strong></span> <span class='ocrx_word' id='word_1_130' title='bbox 1261 1683 1399 1736; x_wconf 79' lang='lat' dir='ltr'><strong>cumtte.</strong></span> 
     </span>
     <span class='ocr_line' id='line_1_14' title="bbox 32 1775 1330 1854; baseline 0.002 -20"><span class='ocrx_word' id='word_1_131' title='bbox 32 1776 169 1836; x_wconf 32' lang='lat' dir='ltr'><strong>&#39;conscivi</strong></span> <span class='ocrx_word' id='word_1_132' title='bbox 192 1775 322 1844; x_wconf 85' lang='lat' dir='ltr'><strong>lacinus,</strong></span> <span class='ocrx_word' id='word_1_133' title='bbox 346 1794 405 1835; x_wconf 91' lang='lat' dir='ltr'><strong>non</strong></span> <span class='ocrx_word' id='word_1_134' title='bbox 428 1794 497 1853; x_wconf 81' lang='lat' dir='ltr'><strong>erga</strong></span> <span class='ocrx_word' id='word_1_135' title='bbox 519 1775 664 1854; x_wconf 82' lang='lat' dir='ltr'><strong>legitimos</strong></span> <span class='ocrx_word' id='word_1_136' title='bbox 686 1777 822 1836; x_wconf 88' lang='lat' dir='ltr'><strong>dominos</strong></span> <span class='ocrx_word' id='word_1_137' title='bbox 843 1775 931 1841; x_wconf 80' lang='lat' dir='ltr'><strong>fidem</strong></span> <span class='ocrx_word' id='word_1_138' title='bbox 950 1775 1057 1845; x_wconf 75' lang='lat' dir='ltr'><strong>fefelli,</strong></span> <span class='ocrx_word' id='word_1_139' title='bbox 1086 1776 1139 1836; x_wconf 72' lang='lat' dir='ltr'><strong>secl</strong></span> <span class='ocrx_word' id='word_1_140' title='bbox 1162 1783 1264 1837; x_wconf 87' lang='lat' dir='ltr'><strong>contra</strong></span> <span class='ocrx_word' id='word_1_141' title='bbox 1286 1778 1330 1837; x_wconf 82' lang='lat' dir='ltr'><strong>irr-</strong></span> 
     </span>
     <span class='ocr_line' id='line_1_15' title="bbox 39 1878 1023 1955; baseline -0.004 -18"><span class='ocrx_word' id='word_1_142' title='bbox 39 1878 371 1955; x_wconf 74' lang='lat' dir='ltr'><strong>iqussimostyrannes</strong></span> <span class='ocrx_word' id='word_1_143' title='bbox 393 1879 438 1937; x_wconf 88' lang='lat' dir='ltr'><strong>ius</strong></span> <span class='ocrx_word' id='word_1_144' title='bbox 461 1880 562 1955; x_wconf 81' lang='lat' dir='ltr'><strong>patriae</strong></span> <span class='ocrx_word' id='word_1_145' title='bbox 584 1885 612 1937; x_wconf 89' lang='lat' dir='ltr'><strong>ct</strong></span> <span class='ocrx_word' id='word_1_146' title='bbox 634 1896 791 1939; x_wconf 87' lang='lat' dir='ltr'><strong>commune</strong></span> <span class='ocrx_word' id='word_1_147' title='bbox 812 1879 857 1938; x_wconf 82' lang='lat' dir='ltr'><strong>las</strong></span> <span class='ocrx_word' id='word_1_148' title='bbox 879 1878 1023 1938; x_wconf 84' lang='lat' dir='ltr'><strong>obtinui..</strong></span> 
     </span>
     <span class='ocr_line' id='line_1_16' title="bbox 17 1978 1330 2056; baseline 0.001 -16"><span class='ocrx_word' id='word_1_149' title='bbox 17 1994 35 2032; x_wconf 73' lang='lat' dir='ltr'><strong>tt</strong></span> <span class='ocrx_word' id='word_1_150' title='bbox 105 1998 213 2040; x_wconf 71' lang='lat' dir='ltr'><strong>nenos.</strong></span> <span class='ocrx_word' id='word_1_151' title='bbox 250 1978 381 2055; x_wconf 78' lang='lat' dir='ltr'><strong>Ingenua</strong></span> <span class='ocrx_word' id='word_1_152' title='bbox 404 1997 538 2041; x_wconf 85' lang='lat' dir='ltr'><strong>caussam</strong></span> <span class='ocrx_word' id='word_1_153' title='bbox 560 1988 670 2041; x_wconf 89' lang='lat' dir='ltr'><strong>tutatus</strong></span> <span class='ocrx_word' id='word_1_154' title='bbox 692 1988 750 2048; x_wconf 89' lang='lat' dir='ltr'><strong>est,</strong></span> <span class='ocrx_word' id='word_1_155' title='bbox 775 1981 866 2040; x_wconf 81' lang='lat' dir='ltr'><strong>et-sic</strong></span> <span class='ocrx_word' id='word_1_156' title='bbox 888 1996 944 2056; x_wconf 78' lang='lat' dir='ltr'><strong>ego</strong></span> <span class='ocrx_word' id='word_1_157' title='bbox 966 1981 1100 2039; x_wconf 81' lang='lat' dir='ltr'><strong>existimo</strong></span> <span class='ocrx_word' id='word_1_158' title='bbox 1124 1982 1269 2041; x_wconf 87' lang='lat' dir='ltr'><strong>neminem</strong></span> <span class='ocrx_word' id='word_1_159' title='bbox 1292 1983 1330 2041; x_wconf 89' lang='lat' dir='ltr'><strong>ita</strong></span> 
     </span>
     <span class='ocr_line' id='line_1_17' title="bbox 41 2079 1330 2162; baseline 0.002 -22"><span class='ocrx_word' id='word_1_160' title='bbox 41 2081 126 2142; x_wconf 86' lang='lat' dir='ltr'><strong>alteri</strong></span> <span class='ocrx_word' id='word_1_161' title='bbox 150 2099 224 2158; x_wconf 87' lang='lat' dir='ltr'><strong>pace</strong></span> <span class='ocrx_word' id='word_1_162' title='bbox 246 2079 419 2141; x_wconf 85' lang='lat' dir='ltr'><strong>obstrictum</strong></span> <span class='ocrx_word' id='word_1_163' title='bbox 442 2100 523 2162; x_wconf 80' lang='lat' dir='ltr'><strong>esso,</strong></span> <span class='ocrx_word' id='word_1_164' title='bbox 552 2090 586 2143; x_wconf 93' lang='lat' dir='ltr'><strong>ut</strong></span> <span class='ocrx_word' id='word_1_165' title='bbox 600 2081 721 2142; x_wconf 79' lang='lat' dir='ltr'><strong>talibus</strong></span> <span class='ocrx_word' id='word_1_166' title='bbox 746 2084 876 2159; x_wconf 84' lang='lat' dir='ltr'><strong>percitus</strong></span> <span class='ocrx_word' id='word_1_167' title='bbox 902 2083 1013 2142; x_wconf 81' lang='lat' dir='ltr'><strong>caussis</strong></span> <span class='ocrx_word' id='word_1_168' title='bbox 1035 2081 1181 2143; x_wconf 73' lang='lat' dir='ltr'><strong>mutanda</strong></span> <span class='ocrx_word' id='word_1_169' title='bbox 1202 2083 1248 2142; x_wconf 88' lang='lat' dir='ltr'><strong>ius</strong></span> <span class='ocrx_word' id='word_1_170' title='bbox 1271 2100 1330 2142; x_wconf 88' lang='lat' dir='ltr'><strong>non</strong></span> 
     </span>
     <span class='ocr_line' id='line_1_18' title="bbox 41 2182 158 2242; baseline -0.017 -1"><span class='ocrx_word' id='word_1_171' title='bbox 41 2182 158 2242; x_wconf 89' lang='lat' dir='ltr'><strong>babeat.</strong></span> 
     </span>
     <span class='ocr_line' id='line_1_19' title="bbox 105 2284 1477 2363; baseline -0.001 -18"><span class='ocrx_word' id='word_1_172' title='bbox 105 2303 220 2345; x_wconf 79' lang='lat' dir='ltr'><strong>semro.</strong></span> <span class='ocrx_word' id='word_1_173' title='bbox 259 2284 295 2344; x_wconf 90' lang='lat' dir='ltr'><strong>Et</strong></span> <span class='ocrx_word' id='word_1_174' title='bbox 317 2291 414 2345; x_wconf 85' lang='lat' dir='ltr'><strong>lamen</strong></span> <span class='ocrx_word' id='word_1_175' title='bbox 437 2285 588 2363; x_wconf 84' lang='lat' dir='ltr'><strong>perfidiam</strong></span> <span class='ocrx_word' id='word_1_176' title='bbox 611 2286 752 2346; x_wconf 89' lang='lat' dir='ltr'><strong>obiiciunt</strong></span> <span class='ocrx_word' id='word_1_177' title='bbox 774 2286 842 2346; x_wconf 93' lang='lat' dir='ltr'><strong>buic</strong></span> <span class='ocrx_word' id='word_1_178' title='bbox 864 2287 972 2355; x_wconf 85' lang='lat' dir='ltr'><strong>nostri,</strong></span> <span class='ocrx_word' id='word_1_179' title='bbox 1001 2304 1035 2345; x_wconf 86' lang='lat' dir='ltr'><strong>ac</strong></span> <span class='ocrx_word' id='word_1_180' title='bbox 1064 2286 1149 2345; x_wconf 88' lang='lat' dir='ltr'><strong>nimis</strong></span> <span class='ocrx_word' id='word_1_181' title='bbox 1171 2284 1328 2346; x_wconf 81' lang='lat' dir='ltr'><strong>crudeliter</strong></span> <span class='ocrx_word' id='word_1_182' title='bbox 1341 2288 1398 2338; x_wconf 63' lang='grc' dir='ltr'><strong>ιιι·</strong></span> <span class='ocrx_word' id='word_1_183' title='bbox 1475 2290 1477 2295; x_wconf 84' lang='lat'>&#39;</span> 
     </span>
     <span class='ocr_line' id='line_1_20' title="bbox 40 2384 703 2448; baseline 0.002 -3"><span class='ocrx_word' id='word_1_184' title='bbox 40 2386 156 2447; x_wconf 81' lang='lat' dir='ltr'><strong>ridetur</strong></span> <span class='ocrx_word' id='word_1_185' title='bbox 180 2384 336 2445; x_wconf 81' lang='lat' dir='ltr'><strong>Varianam</strong></span> <span class='ocrx_word' id='word_1_186' title='bbox 355 2388 522 2448; x_wconf 82' lang='lat' dir='ltr'><strong>exercuisse</strong></span> <span class='ocrx_word' id='word_1_187' title='bbox 543 2389 703 2448; x_wconf 83' lang='lat' dir='ltr'><strong>victoriam.</strong></span> 
     </span>
     <span class='ocr_line' id='line_1_21' title="bbox 17 2487 1331 2568; baseline 0.001 -21"><span class='ocrx_word' id='word_1_188' title='bbox 17 2499 32 2538; x_wconf 76' lang='lat' dir='ltr'><strong>tt</strong></span> <span class='ocrx_word' id='word_1_189' title='bbox 69 2536 72 2539; x_wconf 50' lang='grc'><em>»</em></span> <span class='ocrx_word' id='word_1_190' title='bbox 106 2506 266 2549; x_wconf 77' lang='lat' dir='ltr'><strong>nummus.</strong></span> <span class='ocrx_word' id='word_1_191' title='bbox 302 2487 427 2556; x_wconf 77' lang='lat' dir='ltr'><strong>Eadem,</strong></span> <span class='ocrx_word' id='word_1_192' title='bbox 450 2489 572 2568; x_wconf 9' lang='lat' dir='ltr'><strong>&#39;‘Scipio,</strong></span> <span class='ocrx_word' id='word_1_193' title='bbox 588 2490 713 2548; x_wconf 69' lang='lat' dir='ltr'><strong>ratione</strong></span> <span class='ocrx_word' id='word_1_194' title='bbox 736 2489 841 2567; x_wconf 80' lang='lat' dir='ltr'><strong>perfidi</strong></span> <span class='ocrx_word' id='word_1_195' title='bbox 863 2490 984 2550; x_wconf 86' lang='lat' dir='ltr'><strong>luerunt</strong></span> <span class='ocrx_word' id='word_1_196' title='bbox 1005 2489 1194 2568; x_wconf 74' lang='lat' dir='ltr'><strong>tyrannicidae</strong></span> <span class='ocrx_word' id='word_1_197' title='bbox 1223 2489 1331 2568; x_wconf 83' lang='lat' dir='ltr'><strong>ubique</strong></span> 
     </span>
     <span class='ocr_line' id='line_1_22' title="bbox 40 2586 1331 2674; baseline 0.003 -26"><span class='ocrx_word' id='word_1_198' title='bbox 40 2608 147 2649; x_wconf 88' lang='lat' dir='ltr'><strong>omues</strong></span> <span class='ocrx_word' id='word_1_199' title='bbox 169 2595 198 2648; x_wconf 89' lang='lat' dir='ltr'><strong>et</strong></span> <span class='ocrx_word' id='word_1_200' title='bbox 220 2590 320 2666; x_wconf 78' lang='lat' dir='ltr'><strong>patriae</strong></span> <span class='ocrx_word' id='word_1_201' title='bbox 341 2589 487 2674; x_wconf 78' lang='lat' dir='ltr'><strong>libertatis</strong></span> <span class='ocrx_word' id='word_1_202' title='bbox 505 2591 691 2658; x_wconf 63' lang='lat' dir='ltr'><strong>neminisse</strong></span> <span class='ocrx_word' id='word_1_203' title='bbox 714 2593 802 2651; x_wconf 82' lang='lat' dir='ltr'><strong>vestri</strong></span> <span class='ocrx_word' id='word_1_204' title='bbox 825 2586 987 2669; x_wconf 83' lang='lat' dir='ltr'><strong>praesertim</strong></span> <span class='ocrx_word' id='word_1_205' title='bbox 1011 2592 1063 2668; x_wconf 87' lang='lat' dir='ltr'><strong>qui</strong></span> <span class='ocrx_word' id='word_1_206' title='bbox 1076 2587 1251 2670; x_wconf 81' lang='lat' dir='ltr'><strong>&#39;larquinios</strong></span> <span class='ocrx_word' id='word_1_207' title='bbox 1274 2594 1331 2652; x_wconf 83' lang='lat' dir='ltr'><strong>eie·</strong></span> 
     </span>
     <span class='ocr_line' id='line_1_23' title="bbox 40 2676 1332 2777; baseline 0.002 -27"><span class='ocrx_word' id='word_1_208' title='bbox 40 2676 168 2759; x_wconf 63' lang='lat' dir='ltr'><strong>earum</strong></span> <span class='ocrx_word' id='word_1_209' title='bbox 201 2698 230 2749; x_wconf 87' lang='lat' dir='ltr'><strong>et</strong></span> <span class='ocrx_word' id='word_1_210' title='bbox 251 2689 395 2751; x_wconf 68' lang='lat' dir='ltr'><strong>teserem</strong></span> <span class='ocrx_word' id='word_1_211' title='bbox 418 2692 643 2761; x_wconf 79' lang='lat' dir='ltr'><strong>interfecerunt,</strong></span> <span class='ocrx_word' id='word_1_212' title='bbox 678 2712 713 2753; x_wconf 86' lang='lat' dir='ltr'><strong>ae</strong></span> <span class='ocrx_word' id='word_1_213' title='bbox 734 2712 885 2753; x_wconf 88' lang='lat' dir='ltr'><strong>summam·</strong></span> <span class='ocrx_word' id='word_1_214' title='bbox 901 2693 939 2753; x_wconf 94' lang='lat' dir='ltr'><strong>ob</strong></span> <span class='ocrx_word' id='word_1_215' title='bbox 961 2693 991 2753; x_wconf 83' lang='grc' dir='ltr'><strong>ιιι</strong></span> <span class='ocrx_word' id='word_1_216' title='bbox 1013 2691 1146 2759; x_wconf 79' lang='lat' dir='ltr'><strong>laudem,</strong></span> <span class='ocrx_word' id='word_1_217' title='bbox 1179 2694 1332 2777; x_wconf 86' lang='lat' dir='ltr'><strong>sempiter-</strong></span> 
     </span>
     <span class='ocr_line' id='line_1_24' title="bbox 38 2776 1331 2873; baseline 0.002 -22"><span class='ocrx_word' id='word_1_218' title='bbox 38 2810 112 2852; x_wconf 82' lang='lat' dir='ltr'><strong>nam</strong></span> <span class='ocrx_word' id='word_1_219' title='bbox 136 2793 213 2852; x_wconf 89' lang='lat' dir='ltr'><strong>inter</strong></span> <span class='ocrx_word' id='word_1_220' title='bbox 237 2809 286 2851; x_wconf 83' lang='lat' dir='ltr'><strong>ros</strong></span> <span class='ocrx_word' id='word_1_221' title='bbox 308 2790 430 2869; x_wconf 80' lang='lat' dir='ltr'><strong>gloriam</strong></span> <span class='ocrx_word' id='word_1_222' title='bbox 453 2776 604 2853; x_wconf 77' lang='lat' dir='ltr'><strong>consecuti</strong></span> <span class='ocrx_word' id='word_1_223' title='bbox 626 2801 703 2854; x_wconf 85' lang='lat' dir='ltr'><strong>sunt.</strong></span> <span class='ocrx_word' id='word_1_224' title='bbox 734 2794 864 2873; x_wconf 73' lang='lat' dir='ltr'><strong>deniqoe</strong></span> <span class='ocrx_word' id='word_1_225' title='bbox 886 2812 990 2855; x_wconf 84' lang='lat' dir='ltr'><strong>eurum</strong></span> <span class='ocrx_word' id='word_1_226' title='bbox 1013 2802 1057 2854; x_wconf 89' lang='lat' dir='ltr'><strong>est</strong></span> <span class='ocrx_word' id='word_1_227' title='bbox 1079 2790 1200 2873; x_wconf 77' lang='lat' dir='ltr'><strong>perfinia</strong></span> <span class='ocrx_word' id='word_1_228' title='bbox 1224 2796 1273 2872; x_wconf 90' lang='lat' dir='ltr'><strong>qui</strong></span> <span class='ocrx_word' id='word_1_229' title='bbox 1289 2794 1331 2854; x_wconf 80' lang='lat' dir='ltr'><strong>ael</strong></span> 
     </span>
     <span class='ocr_line' id='line_1_25' title="bbox 38 2880 1443 2973; baseline 0.001 -20"><span class='ocrx_word' id='word_1_230' title='bbox 38 2894 172 2953; x_wconf 66' lang='lat' dir='ltr'><strong>[munau</strong></span> <span class='ocrx_word' id='word_1_231' title='bbox 205 2900 301 2954; x_wconf 78' lang='lat' dir='ltr'><strong>uictus</strong></span> <span class='ocrx_word' id='word_1_232' title='bbox 330 2901 465 2973; x_wconf 86' lang='lat' dir='ltr'><strong>spectant</strong></span> <span class='ocrx_word' id='word_1_233' title='bbox 493 2901 527 2955; x_wconf 77' lang='lat' dir='ltr'><strong>et</strong></span> <span class='ocrx_word' id='word_1_234' title='bbox 550 2894 722 2956; x_wconf 77' lang='lat' dir='ltr'><strong>mutabilem</strong></span> <span class='ocrx_word' id='word_1_235' title='bbox 753 2895 789 2956; x_wconf 86' lang='lat' dir='ltr'><strong>ad</strong></span> <span class='ocrx_word' id='word_1_236' title='bbox 818 2897 877 2957; x_wconf 79' lang='lat' dir='ltr'><strong>bes</strong></span> <span class='ocrx_word' id='word_1_237' title='bbox 897 2895 987 2956; x_wconf 82' lang='lat' dir='ltr'><strong>tidem</strong></span> <span class='ocrx_word' id='word_1_238' title='bbox 1023 2880 1259 2955; x_wconf 59' lang='lat' dir='ltr'><strong>circumferunt?</strong></span> <span class='ocrx_word' id='word_1_239' title='bbox 1285 2914 1332 2954; x_wconf 83' lang='lat' dir='ltr'><strong>me</strong></span> <span class='ocrx_word' id='word_1_240' title='bbox 1439 2907 1443 2913; x_wconf 90' lang='grc'><em>·</em></span> 
     </span>
     <span class='ocr_line' id='line_1_26' title="bbox 17 2980 1332 3076; baseline -0.002 -21"><span class='ocrx_word' id='word_1_241' title='bbox 17 3010 156 3055; x_wconf 73' lang='lat' dir='ltr'><strong>»maresa</strong></span> <span class='ocrx_word' id='word_1_242' title='bbox 177 2997 300 3073; x_wconf 83' lang='lat' dir='ltr'><strong>aequitas</strong></span> <span class='ocrx_word' id='word_1_243' title='bbox 320 3003 421 3057; x_wconf 85' lang='lat' dir='ltr'><strong>eontra</strong></span> <span class='ocrx_word' id='word_1_244' title='bbox 444 2997 583 3056; x_wconf 72' lang='lat' dir='ltr'><strong>adversas</strong></span> <span class='ocrx_word' id='word_1_245' title='bbox 605 2980 722 3076; x_wconf 75' lang='lat' dir='ltr'><strong>quoque</strong></span> <span class='ocrx_word' id='word_1_246' title='bbox 745 3015 833 3058; x_wconf 81' lang='lat' dir='ltr'><strong>casus</strong></span> <span class='ocrx_word' id='word_1_247' title='bbox 851 2999 904 3058; x_wconf 87' lang='lat' dir='ltr'><strong>niti</strong></span> <span class='ocrx_word' id='word_1_248' title='bbox 925 2995 1062 3074; x_wconf 85' lang='lat' dir='ltr'><strong>perpulit.</strong></span> <span class='ocrx_word' id='word_1_249' title='bbox 1095 2997 1180 3056; x_wconf 84' lang='lat' dir='ltr'><strong>llicnt</strong></span> <span class='ocrx_word' id='word_1_250' title='bbox 1194 2998 1248 3055; x_wconf 86' lang='lat' dir='ltr'><strong>iste</strong></span> <span class='ocrx_word' id='word_1_251' title='bbox 1264 3014 1332 3055; x_wconf 75' lang='lat' dir='ltr'><strong>reri»</strong></span> 
     </span>
     <span class='ocr_line' id='line_1_27' title="bbox 36 3095 1331 3177; baseline 0.001 -21"><span class='ocrx_word' id='word_1_252' title='bbox 36 3096 153 3166; x_wconf 80' lang='lat' dir='ltr'><strong>bliuos,</strong></span> <span class='ocrx_word' id='word_1_253' title='bbox 175 3095 263 3158; x_wconf 89' lang='lat' dir='ltr'><strong>talem</strong></span> <span class='ocrx_word' id='word_1_254' title='bbox 284 3103 404 3175; x_wconf 83' lang='lat' dir='ltr'><strong>tamque</strong></span> <span class='ocrx_word' id='word_1_255' title='bbox 424 3099 622 3177; x_wconf 87' lang='lat' dir='ltr'><strong>importunam</strong></span> <span class='ocrx_word' id='word_1_256' title='bbox 639 3096 770 3167; x_wconf 81' lang='lat' dir='ltr'><strong>Quintilii</strong></span> <span class='ocrx_word' id='word_1_257' title='bbox 791 3101 974 3159; x_wconf 70' lang='lat' dir='ltr'><strong>alienitatem</strong></span> <span class='ocrx_word' id='word_1_258' title='bbox 994 3117 1030 3158; x_wconf 91' lang='lat' dir='ltr'><strong>an</strong></span> <span class='ocrx_word' id='word_1_259' title='bbox 1046 3098 1236 3158; x_wconf 80' lang='lat' dir='ltr'><strong>nonlicuerit</strong></span> <span class='ocrx_word' id='word_1_260' title='bbox 1249 3099 1331 3165; x_wconf 85' lang='lat' dir='ltr'><strong>mibi,</strong></span> 
     </span>
     <span class='ocr_line' id='line_1_28' title="bbox 38 3177 1369 3278; baseline 0.003 -20"><span class='ocrx_word' id='word_1_261' title='bbox 38 3216 110 3258; x_wconf 89' lang='lat' dir='ltr'><strong>cum</strong></span> <span class='ocrx_word' id='word_1_262' title='bbox 134 3199 318 3258; x_wconf 82' lang='lat' dir='ltr'><strong>occasionem</strong></span> <span class='ocrx_word' id='word_1_263' title='bbox 341 3198 380 3258; x_wconf 86' lang='lat' dir='ltr'><strong>‹lii</strong></span> <span class='ocrx_word' id='word_1_264' title='bbox 402 3198 587 3270; x_wconf 87' lang='lat' dir='ltr'><strong>tribuissent,</strong></span> <span class='ocrx_word' id='word_1_265' title='bbox 611 3199 667 3260; x_wconf 83' lang='lat' dir='ltr'><strong>alia</strong></span> <span class='ocrx_word' id='word_1_266' title='bbox 689 3202 986 3262; x_wconf 85' lang='lat' dir='ltr'><strong>invicem.atrocitate</strong></span> <span class='ocrx_word' id='word_1_267' title='bbox 1008 3203 1132 3278; x_wconf 71' lang='lat' dir='ltr'><strong>punire..</strong></span> <span class='ocrx_word' id='word_1_268' title='bbox 1228 3235 1231 3240; x_wconf 77' lang='lat'><em>,</em></span> <span class='ocrx_word' id='word_1_269' title='bbox 1362 3177 1369 3189; x_wconf 45' lang='lat'><em>⁶</em></span> 
     </span>
     <span class='ocr_line' id='line_1_29' title="bbox 107 3299 1400 3369; baseline -0.003 -9"><span class='ocrx_word' id='word_1_270' title='bbox 107 3319 214 3361; x_wconf 80' lang='lat' dir='ltr'><strong>uiuos.</strong></span> <span class='ocrx_word' id='word_1_271' title='bbox 252 3299 382 3369; x_wconf 88' lang='lat' dir='ltr'><strong>Censeo,</strong></span> <span class='ocrx_word' id='word_1_272' title='bbox 406 3299 495 3360; x_wconf 88' lang='lat' dir='ltr'><strong>licuit.</strong></span> <span class='ocrx_word' id='word_1_273' title='bbox 922 3328 924 3335; x_wconf 42' lang='lat' dir='ltr'>v</span> <span class='ocrx_word' id='word_1_274' title='bbox 1030 3343 1036 3351; x_wconf 83' lang='lat'>.</span> <span class='ocrx_word' id='word_1_275' title='bbox 1342 3307 1400 3356; x_wconf 74' lang='lat' dir='ltr'><strong>§.tt</strong></span> 
     </span>
     <span class='ocr_line' id='line_1_30' title="bbox 110 3401 1332 3496; baseline 0.002 -35"><span class='ocrx_word' id='word_1_276' title='bbox 110 3421 277 3461; x_wconf 76' lang='lat' dir='ltr'><strong>naumann.</strong></span> <span class='ocrx_word' id='word_1_277' title='bbox 316 3401 392 3463; x_wconf 87' lang='lat' dir='ltr'><strong>Eece</strong></span> <span class='ocrx_word' id='word_1_278' title='bbox 418 3410 515 3463; x_wconf 90' lang='lat' dir='ltr'><strong>autem</strong></span> <span class='ocrx_word' id='word_1_279' title='bbox 546 3405 595 3496; x_wconf 74' lang='lat' dir='ltr'><strong>qui</strong></span> <span class='ocrx_word' id='word_1_280' title='bbox 624 3405 713 3463; x_wconf 89' lang='lat' dir='ltr'><strong>iactas</strong></span> <span class='ocrx_word' id='word_1_281' title='bbox 742 3402 812 3464; x_wconf 88' lang='lat' dir='ltr'><strong>nibil</strong></span> <span class='ocrx_word' id='word_1_282' title='bbox 841 3411 901 3462; x_wconf 85' lang='lat' dir='ltr'><strong>tam</strong></span> <span class='ocrx_word' id='word_1_283' title='bbox 932 3403 1131 3464; x_wconf 84' lang='lat' dir='ltr'><strong>necessarium</strong></span> <span class='ocrx_word' id='word_1_284' title='bbox 1154 3401 1206 3462; x_wconf 92' lang='lat' dir='ltr'><strong>tibi</strong></span> <span class='ocrx_word' id='word_1_285' title='bbox 1228 3404 1332 3472; x_wconf 83' lang='lat' dir='ltr'><strong>visum,</strong></span> 
     </span>
     <span class='ocr_line' id='line_1_31' title="bbox 17 3502 1334 3583; baseline 0.002 -21"><span class='ocrx_word' id='word_1_286' title='bbox 17 3503 117 3581; x_wconf 73' lang='lat' dir='ltr'><strong>&#39;quin</strong></span> <span class='ocrx_word' id='word_1_287' title='bbox 141 3502 241 3580; x_wconf 84' lang='lat' dir='ltr'><strong>patriae</strong></span> <span class='ocrx_word' id='word_1_288' title='bbox 263 3503 391 3563; x_wconf 84' lang='lat' dir='ltr'><strong>studium</strong></span> <span class='ocrx_word' id='word_1_289' title='bbox 414 3505 583 3581; x_wconf 85' lang='lat' dir='ltr'><strong>pervicerit,</strong></span> <span class='ocrx_word' id='word_1_290' title='bbox 618 3511 714 3564; x_wconf 85' lang='lat' dir='ltr'><strong>tamen</strong></span> <span class='ocrx_word' id='word_1_291' title='bbox 737 3523 861 3583; x_wconf 80' lang='lat' dir='ltr'><strong>reguum</strong></span> <span class='ocrx_word' id='word_1_292' title='bbox 892 3505 1043 3567; x_wconf 80' lang='lat' dir='ltr'><strong>affectasse</strong></span> <span class='ocrx_word' id='word_1_293' title='bbox 1072 3504 1191 3571; x_wconf 86' lang='lat' dir='ltr'><strong>diceris,</strong></span> <span class='ocrx_word' id='word_1_294' title='bbox 1227 3512 1256 3563; x_wconf 90' lang='lat' dir='ltr'><strong>et</strong></span> <span class='ocrx_word' id='word_1_295' title='bbox 1285 3507 1334 3582; x_wconf 88' lang='lat' dir='ltr'><strong>qui</strong></span> 
     </span>
     <span class='ocr_line' id='line_1_32' title="bbox 41 3603 1334 3685; baseline 0.003 -23"><span class='ocrx_word' id='word_1_296' title='bbox 41 3603 173 3664; x_wconf 85' lang='lat' dir='ltr'><strong>alienum</strong></span> <span class='ocrx_word' id='word_1_297' title='bbox 196 3603 331 3680; x_wconf 82' lang='lat' dir='ltr'><strong>gloriaris</strong></span> <span class='ocrx_word' id='word_1_298' title='bbox 353 3606 502 3664; x_wconf 85' lang='lat' dir='ltr'><strong>amolitum</strong></span> <span class='ocrx_word' id='word_1_299' title='bbox 527 3613 554 3666; x_wconf 92' lang='lat' dir='ltr'><strong>te</strong></span> <span class='ocrx_word' id='word_1_300' title='bbox 577 3608 677 3683; x_wconf 83' lang='lat' dir='ltr'><strong>iugum</strong></span> <span class='ocrx_word' id='word_1_301' title='bbox 707 3624 723 3665; x_wconf 92' lang='lat' dir='ltr'><strong>a</strong></span> <span class='ocrx_word' id='word_1_302' title='bbox 752 3605 958 3685; x_wconf 90' lang='lat' dir='ltr'><strong>popularibus,</strong></span> <span class='ocrx_word' id='word_1_303' title='bbox 993 3614 1075 3666; x_wconf 90' lang='lat' dir='ltr'><strong>tuum</strong></span> <span class='ocrx_word' id='word_1_304' title='bbox 1095 3605 1210 3667; x_wconf 61' lang='lat' dir='ltr'><strong>,iisdem</strong></span> <span class='ocrx_word' id='word_1_305' title='bbox 1240 3607 1334 3666; x_wconf 86' lang='lat' dir='ltr'><strong>inteu-</strong></span> 
     </span>
     <span class='ocr_line' id='line_1_33' title="bbox 43 3705 1334 3795; baseline 0.002 -32"><span class='ocrx_word' id='word_1_306' title='bbox 43 3705 126 3774; x_wconf 82' lang='lat' dir='ltr'><strong>lasti,</strong></span> <span class='ocrx_word' id='word_1_307' title='bbox 161 3705 239 3783; x_wconf 90' lang='lat' dir='ltr'><strong>quod</strong></span> <span class='ocrx_word' id='word_1_308' title='bbox 263 3706 345 3765; x_wconf 84' lang='lat' dir='ltr'><strong>nolas</strong></span> <span class='ocrx_word' id='word_1_309' title='bbox 367 3706 396 3765; x_wconf 89' lang='lat' dir='ltr'><strong>in</strong></span> <span class='ocrx_word' id='word_1_310' title='bbox 419 3725 517 3767; x_wconf 89' lang='lat' dir='ltr'><strong>meum</strong></span> <span class='ocrx_word' id='word_1_311' title='bbox 541 3707 669 3767; x_wconf 87' lang='lat' dir='ltr'><strong>animum</strong></span> <span class='ocrx_word' id='word_1_312' title='bbox 690 3708 985 3795; x_wconf 78' lang='lat' dir='ltr'><strong>nunquani‘cecitlit,</strong></span> <span class='ocrx_word' id='word_1_313' title='bbox 1020 3715 1052 3767; x_wconf 94' lang='lat' dir='ltr'><strong>ut</strong></span> <span class='ocrx_word' id='word_1_314' title='bbox 1082 3706 1126 3767; x_wconf 89' lang='lat' dir='ltr'><strong>vel</strong></span> <span class='ocrx_word' id='word_1_315' title='bbox 1154 3707 1241 3767; x_wconf 91' lang='lat' dir='ltr'><strong>buius</strong></span> <span class='ocrx_word' id='word_1_316' title='bbox 1263 3725 1334 3785; x_wconf 81' lang='lat' dir='ltr'><strong>ergo</strong></span> 
     </span>
     <span class='ocr_line' id='line_1_34' title="bbox 24 3806 489 3890; baseline 0.002 -23"><span class='ocrx_word' id='word_1_317' title='bbox 24 3808 178 3890; x_wconf 41' lang='lat' dir='ltr'><strong>,praeponi</strong></span> <span class='ocrx_word' id='word_1_318' title='bbox 200 3807 261 3884; x_wconf 88' lang='lat' dir='ltr'><strong>ipse</strong></span> <span class='ocrx_word' id='word_1_319' title='bbox 284 3806 334 3868; x_wconf 88' lang='lat' dir='ltr'><strong>tibi</strong></span> <span class='ocrx_word' id='word_1_320' title='bbox 357 3807 489 3868; x_wconf 84' lang='lat' dir='ltr'><strong>debeam.</strong></span> 
     </span>
     <span class='ocr_line' id='line_1_35' title="bbox 67 3907 1403 3994; baseline 0.001 -28"><span class='ocrx_word' id='word_1_321' title='bbox 67 3925 70 3933; x_wconf 87' lang='grc'><strong>’</strong></span> <span class='ocrx_word' id='word_1_322' title='bbox 108 3927 268 3968; x_wconf 77' lang='lat' dir='ltr'><strong>acuimus.</strong></span> <span class='ocrx_word' id='word_1_323' title='bbox 306 3907 424 3970; x_wconf 86' lang='lat' dir='ltr'><strong>Minime</strong></span> <span class='ocrx_word' id='word_1_324' title='bbox 446 3918 478 3970; x_wconf 95' lang='lat' dir='ltr'><strong>tu</strong></span> <span class='ocrx_word' id='word_1_325' title='bbox 500 3910 616 3994; x_wconf 86' lang='lat' dir='ltr'><strong>quidem</strong></span> <span class='ocrx_word' id='word_1_326' title='bbox 640 3910 716 3971; x_wconf 82' lang='lat' dir='ltr'><strong>banc</strong></span> <span class='ocrx_word' id='word_1_327' title='bbox 738 3910 775 3970; x_wconf 94' lang='lat' dir='ltr'><strong>ob</strong></span> <span class='ocrx_word' id='word_1_328' title='bbox 799 3930 931 3980; x_wconf 88' lang='lat' dir='ltr'><strong>causam,</strong></span> <span class='ocrx_word' id='word_1_329' title='bbox 955 3910 1097 3989; x_wconf 67' lang='lat' dir='ltr'><strong>siunanm</strong></span> <span class='ocrx_word' id='word_1_330' title='bbox 1120 3910 1196 3986; x_wconf 80' lang='lat' dir='ltr'><strong>aputl</strong></span> <span class='ocrx_word' id='word_1_331' title='bbox 1220 3927 1251 3969; x_wconf 91' lang='lat' dir='ltr'><strong>se</strong></span> <span class='ocrx_word' id='word_1_332' title='bbox 1267 3911 1403 3967; x_wconf 63' lang='lat' dir='ltr'><strong>essebffl·</strong></span> 
     </span>
     <span class='ocr_line' id='line_1_36' title="bbox 17 4008 1332 4091; baseline -0.002 -22"><span class='ocrx_word' id='word_1_333' title='bbox 17 4008 125 4069; x_wconf 54' lang='lat' dir='ltr'><strong>‘&#39;›rolet</strong></span> <span class='ocrx_word' id='word_1_334' title='bbox 147 4008 195 4067; x_wconf 83' lang='lat' dir='ltr'><strong>liic</strong></span> <span class='ocrx_word' id='word_1_335' title='bbox 216 4008 324 4069; x_wconf 90' lang='lat' dir='ltr'><strong>blinos:</strong></span> <span class='ocrx_word' id='word_1_336' title='bbox 358 4028 427 4071; x_wconf 88' lang='lat' dir='ltr'><strong>nam</strong></span> <span class='ocrx_word' id='word_1_337' title='bbox 448 4028 572 4087; x_wconf 80' lang='lat' dir='ltr'><strong>regnum</strong></span> <span class='ocrx_word' id='word_1_338' title='bbox 595 4012 766 4090; x_wconf 85' lang='lat' dir='ltr'><strong>capessendi</strong></span> <span class='ocrx_word' id='word_1_339' title='bbox 789 4031 938 4091; x_wconf 87' lang='lat' dir='ltr'><strong>nunquam</strong></span> <span class='ocrx_word' id='word_1_340' title='bbox 967 4012 1037 4071; x_wconf 90' lang='lat' dir='ltr'><strong>mibi</strong></span> <span class='ocrx_word' id='word_1_341' title='bbox 1064 4009 1170 4086; x_wconf 87' lang='lat' dir='ltr'><strong>cupido</strong></span> <span class='ocrx_word' id='word_1_342' title='bbox 1200 4011 1332 4077; x_wconf 86' lang='lat' dir='ltr'><strong>incessit;</strong></span> 
     </span>
     <span class='ocr_line' id='line_1_37' title="bbox 44 4098 1331 4192; baseline -0.001 -21"><span class='ocrx_word' id='word_1_343' title='bbox 44 4111 98 4172; x_wconf 72' lang='lat' dir='ltr'><strong>secl</strong></span> <span class='ocrx_word' id='word_1_344' title='bbox 122 4111 175 4170; x_wconf 86' lang='lat' dir='ltr'><strong>luit</strong></span> <span class='ocrx_word' id='word_1_345' title='bbox 200 4111 385 4171; x_wconf 87' lang='lat' dir='ltr'><strong>inimicorum</strong></span> <span class='ocrx_word' id='word_1_346' title='bbox 409 4131 442 4172; x_wconf 90' lang='lat' dir='ltr'><strong>ea</strong></span> <span class='ocrx_word' id='word_1_347' title='bbox 471 4113 578 4173; x_wconf 83' lang='lat' dir='ltr'><strong>invidia</strong></span> <span class='ocrx_word' id='word_1_348' title='bbox 607 4132 672 4192; x_wconf 83' lang='lat' dir='ltr'><strong>quae</strong></span> <span class='ocrx_word' id='word_1_349' title='bbox 700 4114 897 4191; x_wconf 85' lang='lat' dir='ltr'><strong>suspicionem</strong></span> <span class='ocrx_word' id='word_1_350' title='bbox 926 4114 1002 4172; x_wconf 90' lang='lat' dir='ltr'><strong>hauc</strong></span> <span class='ocrx_word' id='word_1_351' title='bbox 1027 4109 1196 4174; x_wconf 83' lang='lat' dir='ltr'><strong>bominibus</strong></span> <span class='ocrx_word' id='word_1_352' title='bbox 1225 4098 1331 4171; x_wconf 86' lang='lat' dir='ltr'><strong>iniecit.</strong></span> 
     </span>
    </p>
   </div>
   <div class='ocr_carea' id='block_1_3' title="bbox 42 4363 1402 4683">
    <p class='ocr_par' dir='ltr' id='par_1_3' title="bbox 42 4363 1402 4683">
     <span class='ocr_line' id='line_1_38' title="bbox 113 4363 1331 4429; baseline 0.002 -17"><span class='ocrx_word' id='word_1_353' title='bbox 113 4364 120 4396; x_wconf 88' lang='lat'><strong>¹</strong></span> <span class='ocrx_word' id='word_1_354' title='bbox 141 4365 238 4418; x_wconf 66' lang='lat' dir='ltr'><strong>teneri,</strong></span> <span class='ocrx_word' id='word_1_355' title='bbox 251 4366 274 4416; x_wconf 86' lang='grc'><strong>6.</strong></span> <span class='ocrx_word' id='word_1_356' title='bbox 287 4370 312 4413; x_wconf 87' lang='lat' dir='ltr'><strong>et</strong></span> <span class='ocrx_word' id='word_1_357' title='bbox 324 4381 346 4414; x_wconf 85' lang='lat' dir='ltr'><strong>c.</strong></span> <span class='ocrx_word' id='word_1_358' title='bbox 361 4368 401 4417; x_wconf 82' lang='lat'><strong>11.</strong></span> <span class='ocrx_word' id='word_1_359' title='bbox 412 4367 490 4429; x_wconf 74' lang='lat' dir='ltr'><strong>fuleo.</strong></span> <span class='ocrx_word' id='word_1_360' title='bbox 542 4363 564 4397; x_wconf 77' lang='lat'><strong>²⁸</strong></span> <span class='ocrx_word' id='word_1_361' title='bbox 582 4366 614 4415; x_wconf 84' lang='lat' dir='ltr'><strong>In</strong></span> <span class='ocrx_word' id='word_1_362' title='bbox 633 4367 691 4415; x_wconf 78' lang='lat' dir='ltr'><strong>edd.</strong></span> <span class='ocrx_word' id='word_1_363' title='bbox 702 4367 761 4428; x_wconf 77' lang='lat' dir='ltr'><strong>sere</strong></span> <span class='ocrx_word' id='word_1_364' title='bbox 773 4364 883 4414; x_wconf 72' lang='lat' dir='ltr'><strong>caricibus</strong></span> <span class='ocrx_word' id='word_1_365' title='bbox 898 4381 1036 4429; x_wconf 78' lang='lat' dir='ltr'><strong>perperam</strong></span> <span class='ocrx_word' id='word_1_366' title='bbox 1053 4365 1172 4427; x_wconf 80' lang='lat' dir='ltr'><strong>scriptum</strong></span> <span class='ocrx_word' id='word_1_367' title='bbox 1185 4370 1238 4412; x_wconf 78' lang='lat' dir='ltr'><strong>ert:</strong></span> <span class='ocrx_word' id='word_1_368' title='bbox 1255 4365 1331 4414; x_wconf 89' lang='lat' dir='ltr'><strong>Min.</strong></span> 
     </span>
     <span class='ocr_line' id='line_1_39' title="bbox 46 4447 1330 4511; baseline 0 -13"><span class='ocrx_word' id='word_1_369' title='bbox 46 4448 169 4510; x_wconf 84' lang='lat' dir='ltr'><strong>Censeo,</strong></span> <span class='ocrx_word' id='word_1_370' title='bbox 195 4447 275 4498; x_wconf 83' lang='lat' dir='ltr'><strong>licuit</strong></span> <span class='ocrx_word' id='word_1_371' title='bbox 293 4449 455 4500; x_wconf 79' lang='lat' dir='ltr'><strong>Hatnnibuli.</strong></span> <span class='ocrx_word' id='word_1_372' title='bbox 492 4453 565 4500; x_wconf 80' lang='lat' dir='ltr'><strong>Ecce</strong></span> <span class='ocrx_word' id='word_1_373' title='bbox 589 4458 637 4499; x_wconf 80' lang='lat' dir='ltr'><strong>etr.</strong></span> <span class='ocrx_word' id='word_1_374' title='bbox 670 4451 765 4499; x_wconf 81' lang='lat' dir='ltr'><strong>Iustam</strong></span> <span class='ocrx_word' id='word_1_375' title='bbox 787 4451 929 4498; x_wconf 77' lang='lat' dir='ltr'><strong>diuisionem</strong></span> <span class='ocrx_word' id='word_1_376' title='bbox 952 4450 1023 4497; x_wconf 79' lang='lat' dir='ltr'><strong>dedit</strong></span> <span class='ocrx_word' id='word_1_377' title='bbox 1041 4448 1219 4497; x_wconf 81' lang='lat' dir='ltr'><strong>Melnnrbtbon</strong></span> <span class='ocrx_word' id='word_1_378' title='bbox 1239 4448 1330 4511; x_wconf 72' lang='lat' dir='ltr'><strong>(erbe.</strong></span> 
     </span>
     <span class='ocr_line' id='line_1_40' title="bbox 47 4532 1402 4597; baseline 0.002 -17"><span class='ocrx_word' id='word_1_379' title='bbox 47 4532 425 4591; x_wconf 67' lang='lat' dir='ltr'><strong>lbbl.)sie:blin.Censeo.</strong></span> <span class='ocrx_word' id='word_1_380' title='bbox 445 4535 534 4584; x_wconf 85' lang='lat' dir='ltr'><strong>licuit.</strong></span> <span class='ocrx_word' id='word_1_381' title='bbox 565 4535 708 4583; x_wconf 88' lang='lat' dir='ltr'><strong>Hannib.</strong></span> <span class='ocrx_word' id='word_1_382' title='bbox 729 4535 801 4583; x_wconf 81' lang='lat' dir='ltr'><strong>Ecce</strong></span> <span class='ocrx_word' id='word_1_383' title='bbox 820 4540 867 4581; x_wconf 78' lang='lat' dir='ltr'><strong>etc.</strong></span> <span class='ocrx_word' id='word_1_384' title='bbox 898 4533 1259 4597; x_wconf 85' lang='lat' dir='ltr'><strong>Miincbiusinllutt.0pp.</strong></span> <span class='ocrx_word' id='word_1_385' title='bbox 1280 4534 1330 4583; x_wconf 79' lang='lat' dir='ltr'><strong>sel·</strong></span> <span class='ocrx_word' id='word_1_386' title='bbox 1397 4545 1402 4562; x_wconf 80' lang='lat'><strong>¹</strong></span> 
     </span>
     <span class='ocr_line' id='line_1_41' title="bbox 42 4616 1331 4683; baseline 0.002 -18"><span class='ocrx_word' id='word_1_387' title='bbox 42 4632 102 4666; x_wconf 84' lang='lat' dir='ltr'><strong>sam</strong></span> <span class='ocrx_word' id='word_1_388' title='bbox 121 4617 285 4666; x_wconf 80' lang='lat' dir='ltr'><strong>divisionem</strong></span> <span class='ocrx_word' id='word_1_389' title='bbox 305 4620 453 4683; x_wconf 80' lang='lat' dir='ltr'><strong>expressit,</strong></span> <span class='ocrx_word' id='word_1_390' title='bbox 479 4634 539 4668; x_wconf 76' lang='lat' dir='ltr'><strong>carru</strong></span> <span class='ocrx_word' id='word_1_391' title='bbox 559 4634 630 4668; x_wconf 86' lang='lat' dir='ltr'><strong>anuo</strong></span> <span class='ocrx_word' id='word_1_392' title='bbox 649 4624 717 4667; x_wconf 77' lang='lat' dir='ltr'><strong>onte‘</strong></span> <span class='ocrx_word' id='word_1_393' title='bbox 732 4618 759 4666; x_wconf 88' lang='lat' dir='ltr'><strong>in</strong></span> <span class='ocrx_word' id='word_1_394' title='bbox 779 4618 943 4667; x_wconf 77' lang='lat' dir='ltr'><strong>Germanico</strong></span> <span class='ocrx_word' id='word_1_395' title='bbox 961 4631 1010 4666; x_wconf 91' lang='lat' dir='ltr'><strong>suo</strong></span> <span class='ocrx_word' id='word_1_396' title='bbox 1028 4616 1151 4682; x_wconf 84' lang='lat' dir='ltr'><strong>exemplo</strong></span> <span class='ocrx_word' id='word_1_397' title='bbox 1170 4617 1270 4667; x_wconf 82' lang='lat' dir='ltr'><strong>iustam</strong></span> <span class='ocrx_word' id='word_1_398' title='bbox 1289 4635 1331 4668; x_wconf 84' lang='lat' dir='ltr'><strong>se-</strong></span> 
     </span>
    </p>
   </div>
   <div class='ocr_carea' id='block_1_4' title="bbox 41 4707 1110 4848">
    <p class='ocr_par' dir='ltr' id='par_1_4' title="bbox 41 4707 1110 4848">
     <span class='ocr_line' id='line_1_42' title="bbox 41 4707 226 4780; baseline 0.011 -31"><span class='ocrx_word' id='word_1_399' title='bbox 41 4707 123 4751; x_wconf 85' lang='lat' dir='ltr'><strong>cutus</strong></span> <span class='ocrx_word' id='word_1_400' title='bbox 142 4708 226 4780; x_wconf 84' lang='lat' dir='ltr'><strong>esset.</strong></span> 
     </span>
     <span class='ocr_line' id='line_1_43' title="bbox 102 4787 1110 4848; baseline 0.012 -12"><span class='ocrx_word' id='word_1_401' title='bbox 102 4787 235 4837; x_wconf 77' lang='lat' dir='ltr'><strong>Hvrreur</strong></span> <span class='ocrx_word' id='word_1_402' title='bbox 255 4787 469 4838; x_wconf 81' lang='lat' dir='ltr'><strong>Orr.v01..llll.</strong></span> <span class='ocrx_word' id='word_1_403' title='bbox 1070 4788 1110 4848; x_wconf 79' lang='grc'><strong>27</strong></span> 
     </span>
    </p>
   </div>
   <div class='ocr_carea' id='block_1_5' title="bbox 0 0 1598 5422">
    <p class='ocr_par' dir='ltr' id='par_1_5' title="bbox 0 0 1598 5422">
     <span class='ocr_line' id='line_1_44' title="bbox 0 0 1598 5422; baseline 0 3"><span class='ocrx_word' id='word_1_404' title='bbox 0 0 1598 5422; x_wconf 95' lang='lat' dir='ltr'><strong> </strong></span> 
     </span>
    </p>
   </div>
  </div>
 </body>
</html>
