3210 5416
330 363 557 429 [rincxnsrrmr]
593 380 692 415 scetes
709 379 872 415 uuuornrrs
908 363 996 428 (ιιιιι.)
1235 348 1307 417 52¹7

28 547 76 592 ate
89 537 220 594 seribere
243 554 422 610 nequeamus,
452 537 541 593 rerhis
563 538 649 609 igitur
671 536 773 592 nostris
793 536 934 592 duetorem
956 536 1097 607 egregium
1120 533 1259 595 salutabis,
1283 542 1310 589 et
1381 560 1384 583 t

28 632 50 677 ιι
75 622 102 676 Ιιι
125 621 205 676 solita
229 623 375 695 pertinacia
398 640 446 677 sua
469 631 625 695 perseueret
647 620 812 676 admonebis.

84 706 232 762 Ruheus.
269 705 368 762 Sedulo
390 706 558 763 curabuntur
580 706 681 761 onmia.
722 706 792 761 hdes
814 706 891 767 dum,
914 700 1073 780 χειροῦργε.
1320 713 1380 763 §.⁴³-

84 792 233 863 Chirurg
217 809 286 846 tr.us
324 789 379 845 Etsi
403 790 438 845 oh
453 791 637 847 Luthehanom
659 790 813 863 negotium.
822 791 855 845 ah
873 791 941 846 hero
963 807 1024 844 meo
1047 790 1099 861 hqe
1122 788 1220 843 missus
1242 805 1310 850 sum,

28 885 51 931 ιι
74 886 163 948 tamen
185 875 261 934 vuius
284 892 386 931 morem
409 893 517 948 geram
541 875 664 931 libenter
693 875 751 936 ibo.
782 874 896 930 forsitan
926 892 980 930 nou
1007 874 1097 929 urinas
1118 874 1229 928 ιΙιιιιιΙιιιι
1252 890 1311 927 meo

28 978 103 1033 quam
125 945 232 1016 nohis
225 960 292 1033 apsis
314 977 372 1016 rem
395 968 510 1033 gratam
526 960 655 1015 [aeturus.

84 1045 228 1100 Ruheus
264 1045 402 1100 Generosa
430 1044 512 1107 ineisa
539 1062 643 1101 meeum
671 1044 764 1117 igitur
784 1044 916 1113 concede,
948 1052 977 1101 ut
1004 1042 1103 1122 vetulae
1133 1060 1194 1116 quae
1218 1040 1312 1098 literas

28 1128 114 1186 attulit
137 1144 299 1202 responsum
321 1129 424 1185 demus.

87 1214 288 1285 Chirurgus.
326 1213 512 1270 Uhieaestt
552 1258 554 1261 .

88 1297 233 1353 Rubens.
269 1297 343 1353 Domi
367 1299 441 1354 meaa*
456 1300 606 1373 opperitur.
664 1308 666 1318 ¹
1006 1341 1010 1349 .

85 1382 289 1455 Chirurgus.
327 1382 424 1438 Eaums
447 1384 540 1456 igitur.
1091 1399 1093 1403 ·
1322 1392 1382 1441 dtu.

85 1466 235 1527 Rubeus,
273 1466 310 1522 En
333 1466 415 1523 illam.
459 1468 532 1523 Laeta
555 1469 608 1529 sis,
633 1476 718 1523 mater
740 1484 813 1529 mea,
837 1484 897 1522 nam
912 1476 1010 1523 cuneta
1025 1485 1057 1523 ex
1073 1467 1155 1522 animi
1172 1467 1209 1522 tui
1228 1473 1315 1521 trans·

28 1559 81 1607 ieta
102 1559 167 1607 suut
188 1552 331 1625 sententia.

85 1635 240 1694 Canidia.
277 1635 518 1711 Euaa,.perquam
538 1637 625 1693 amieo
648 1635 746 1693 aetum.
769 1637 822 1691 sed·
840 1638 959 1711 nunquid
983 1636 1076 1692 literas
1091 1635 1203 1697 dabitis·
1221 1644 1252 1690 ut
1267 1635 1315 1691 do·

28 1720 97 1776 nmo
120 1737 179 1775 meu
203 1729 256 1775 tam
279 1721 439 1778 immensum
462 1721 590 1795 gaudium
613 1720 791 1777 annunciem?

87 1804 233 1861 Ruheus.
269 1804 310 1863 Nil
333 1823 404 1878 opus
426 1814 469 1861 est
490 1806 595 1866 literis,
620 1805 679 1861 idias
700 1807 773 1862 enim
795 1824 843 1863 ore
863 1807 959 1862 ieram.

87 1889 238 1945 Canidia.
266 1889 329 1946 Sed
352 1891 473 1963 nunquid
496 1890 745 1948 humectahuotur?

88 1973 233 2029 Rtilieus.
271 1975 391 2034 Minime,
416 1974 593 2049 iampridem
616 1976 687 2032 enim
711 1976 746 2031 ita
770 1976 841 2050 ferre
864 1976 978 2031 moueri.

88 2058 238 2113 Canidia.
276 2060 310 2114 at
332 2059 395 2131 quid
417 2059 451 2115 de
473 2060 594 2116 medient
1031 2071 1035 2083 ⁴
1245 2091 1247 2100 ι
1324 2073 1384 2123 §.aa

54 2192 56 2195 .
90 2143 238 2201 Bulaeus.
275 2144 372 2205 Adest,
396 2161 429 2198 eu
453 2144 495 2199 hic
518 2161 598 2217 quem
619 2134 724 2201 cernis?

89 2227 238 2283 Canidia.
273 2228 392 2286 Medicus
415 2245 448 2283 ue
472 2229 514 2284 hie
536 2237 578 2284 est
600 2230 719 2286 carnifici
742 2247 797 2286 non
813 2229 962 2286 absimilis?

88 2312 236 2367 liuheus.
275 2301 332 2385 Μὴ
354 2302 483 2382 σκῶπτε,
510 2330 572 2368 nam
604 2313 746 2370 admodum
770 2316 795 2370 iu
819 2323 948 2370 artesae
978 2314 1084 2387 peritus
1112 2313 1241 2376 hahetur;
1270 2312 1316 2367 sed

28 2414 89 2452 num
113 2406 141 2452 tn
164 2396 279 2469 pedibus
301 2397 353 2453 hue
375 2398 535 2470 pervenisti,
559 2416 591 2454 au
616 2409 723 2455 vectore
746 2399 839 2473 aliquo
861 2417 909 2455 usa
932 2401 979 2454 es?

90 2481 242 2536 Canidia.
282 2480 403 2537 Vectore.
963 2507 967 2514 ·

43 2636 55 2648 ·
91 2565 238 2622 habeus.
275 2567 310 2621 At
332 2565 377 2622 uhi
400 2566 534 2624 homiuem
556 2566 709 2641 reliquisti,
732 2577 778 2624 aut
800 2577 868 2642 quot
891 2567 936 2624 die
959 2568 1068 2624 adduxit
1090 2585 1191 2641 equos,
1215 2572 1244 2622 nt
1267 2582 1318 2621 nos

28 2668 138 2724 queque
162 2658 249 2706 tecum
273 2651 420 2707 revehat‘t.

91 2733 244 2791 Canidia.
281 2734 373 2808 Neque
396 2736 431 2792 ab
452 2737 561 2809 homine
583 2746 630 2793 aut
652 2738 731 2810 equis
752 2737 864 2794 adducta
879 2755 956 2793 suni.
1327 2747 1386 2795 ιιι.

91 2818 239 2875 habeus.
276 2818 346 2885 Quid
366 2820 423 2875 ais'i
451 2821 581 2894 numquid
604 2821 701 2877 Daedali
724 2823 810 2877 instar
831 2821 934 2881 alarum
957 2838 1005 2876 usa
1027 2837 1057 2876 es
1080 2819 1213 2892 moligio?
1255 2811 1257 2817 ’

92 2903 242 2958 Canidia.
280 2903 312 2958 Et
333 2921 366 2959 ne
389 2904 455 2961 ΙΙΙιιιΙ
478 2905 601 2978 quidem,
630 2905 677 2962 sed
700 2923 804 2962 meeum
826 2906 968 2961 civitatem
989 2904 1162 2976 egredimini,
1192 2919 1222 2958 ae
1244 2901 1320 2957 vohis

28 2988 139 3044 ubinam
163 2997 297 3043 veetoronr
321 3006 408 3047 meum
431 2989 588 3062 reliquerim
612 2991 767 3047 ostendero.
1108 3012 1110 3016 ·
1250 3011 1252 3013 ·

93 3072 258 3129 Ruheus
280 3073 289 3126 Ι
312 3090 388 3146 pru,
408 3087 562 3147 sequemur.
595 3128 597 3131 .
638 3130 639 3135 ,

85 3147 245 3213 Canidia.
283 3157 323 3212 En
345 3167 488 3215 vectorem.
665 3221 669 3231 .

94 3241 240 3297 Ruheus.
279 3241 346 3309 Quid
369 3244 422 3304 ais,
452 3243 584 3300 venetica?
614 3262 677 3299 irum
709 3261 827 3300 vervex
824 3242 878 3299 ille
908 3243 1018 3300 ΙιιιιΙιΙιιι
1047 3251 1074 3297 et
1101 3240 1172 3297 maie
1194 3241 1272 3297 olens
1295 3250 1321 3297 te

28 3327 156 3383 advexit?
865 3353 897 3372 .-

96 3410 245 3468 Canidia
283 3410 314 3466 lit
336 3413 447 3468 revehet
469 3430 587 3487 quoque
631 3413 712 3468 Proin
740 3414 764 3468 si
793 3388 896 3469 meeum
924 3413 1015 3469 venire
1043 3411 1132 3474 luhet,
1163 3368 1323 3517 festinanter

28 3496 154 3579 ascende.
1311 3569 1316 3575 ῃ

94 3581 242 3637 Ruheus
280 3579 336 3654 Ego
358 3599 392 3636 ne
416 3542 470 3638 tarn
493 3574 613 3638 olentem
636 3583 739 3640 hiroum
762 3583 953 3640 ascenderem?
1256 3618 1259 3624 ·
1333 3593 1392 3641 tae.

95 3665 250 3720 Canidia.
280 3665 320 3719 m
342 3665 432 3727 lubet,
457 3667 484 3721 ui
508 3667 578 3722 euim
602 3675 631 3721 tu
652 3668 795 3729 ascendas,
820 3668 871 3723 iam
894 3684 946 3741 ego
968 3665 1046 3723 ahio.

96 3748 244 3806 hebens.
282 3752 316 3804 Αι
339 3750 383 3805 uhi
408 3751 716 3809 rnedieusremauehit?
809 3789 812 3793 J

98 3834 246 3890 Canidia.
285 3833 313 3889 Si
332 3834 432 3909 placet,
456 3835 579 3892 manibus
601 3836 730 3892 ambabus
753 3836 848 3894 hestiae
871 3837 982 3893 caudam
1005 3834 1197 3909 apprehendat.

78 3918 244 3974 .Ruheus.
280 3917 352 3974 Proh
376 3920 455 3974 deum
478 3928 559 3992 atque
583 3921 720 3978 homiuum
751 3920 843 3983 sidem,
871 3921 923 3975 nisi
948 3920 1018 3974 enim
1040 3918 1157 3973 Kmhius
1180 3924 1274 3971 noster
1297 3916 1322 3969 io

35 4011 112 4060 tauto
134 4003 290 4059 discrimine
311 4005 478 4059 constitutus
500 4013 587 4066 esset,
611 4022 747 4078 uunquam
770 4003 891 4078 periculo
915 4010 990 4060 tauto
1007 4020 1048 4059 me
1063 4016 1235 4074 exponerem.
1270 3999 1320 4053 Sed
1333 3999 1392 4048 §.⁵³-

33 4089 194 4161 priusquam
216 4088 371 4150 ascendam,
396 4087 462 4145 ΙΙΙιιιΙ
484 4089 578 4151 eliare,
602 4097 645 4145 est
667 4106 699 4145 ue
721 4089 765 4144 hie
786 4088 947 4144 Emseranus
969 4086 1163 4160 capricornus?

99 4172 249 4236 Canidia.
287 4172 407 4235 hiiuiaiae,
431 4173 477 4228 sod
501 4174 585 4232 irater
607 4171 748 4246 patruelis.

99 4256 244 4313 Ruheus.
280 4255 371 4313 Plaeet
394 4274 577 4317 omausuam
604 4275 664 4315 euru
693 4255 738 4311 itte
765 4264 862 4311 noster
884 4255 934 4315 sit,
965 4254 1009 4309 hie
1030 4270 1095 4309 vero
1119 4252 1190 4308 iliius
1213 4268 1327 4307 eunoun·

35 4340 167 4413 gnineus,
191 4342 243 4396 iam
267 4341 351 4399 ferme
373 4341 512 4398 ‹iimidium
535 4341 640 4398 timoris
655 4339 787 4398 abiecisse
803 4340 903 4395 videor.
942 4339 988 4392 sed
1005 4337 1130 4411 quidnam
1146 4352 1228 4409 agere
1245 4354 1327 4410 open
1350 4372 1354 4384 ι

37 4433 76 4481 tet
98 4426 190 4482 eiioee.

106 4605 117 4638 ⁴
135 4606 179 4656 ct.
192 4621 275 4672 supra
288 4609 311 4667 ὅ.
325 4608 369 4658 ta.
437 4603 602 4673 pertinacia]
622 4607 638 4653 i.
652 4622 674 4654 e.
694 4605 818 4655 blociano
838 4604 982 4654 modestia.
999 4604 1039 4654 ei.
1058 4616 1142 4670 supra
1163 4621 1188 4670 p.
1202 4604 1260 4653 522.
1275 4605 1293 4657 i.
1308 4606 1327 4655 f.

36 4687 58 4722 ²²
78 4690 127 4742 ‘Ne
146 4691 257 4740 mordot'
276 4693 336 4741 edd.
348 4695 366 4742 i.
378 4708 409 4741 m.
