3262 5430
33 107 154 157 Vadisco
173 106 284 172 dialogo
301 107 476 172 praelationis
494 107 555 158 loco
573 110 716 173 praemissa
735 107 855 173 epistula
873 107 1041 157 Sebastiano
1060 107 1096 157 de
1114 107 1259 159 Roteuhau

17 191 225 258 propugnaculo
245 192 429 259 Stookelberg
439 193 533 243 Idibus
546 192 707 242 Februariis
721 194 787 242 anni
799 193 945 242 rastrix.
959 193 1064 257 scripta
1076 193 1181 241 Latine
1195 193 1258 241 Ger·

0 278 131 340 uaeque
145 276 271 326 exuram
290 282 333 326 est
350 277 404 327 vor.
417 278 440 327 1.
453 295 478 327 n.
494 276 577 327 eun.
592 294 674 343 pagg.
689 277 795 341 aaasq.
815 277 858 326 os.
872 262 959 326 inore.
975 272 1106 342 uruuogr.
1119 293 1146 325 n.
1162 277 1259 326 xxva

25 367 143 426 paterna
162 374 226 411 arce
245 360 448 427 Steekelberga
465 363 605 411 Hutteuus
624 362 668 411 dic
687 360 728 410 28.
742 361 824 411 Febr.
839 361 873 410 ad
886 360 1130 411 Melanchthonam
1149 363 1262 426 scripsit

17 445 57 494 ihi
85 448 157 495 nurlo
186 445 292 513 dialogi
316 446 486 496 excuduntur
508 445 590 498 Triaa
612 447 737 496 Romana
765 451 794 496 et
816 446 1029 510 Inspicicntes.”
1066 446 1147 509 (vide
1171 446 1261 496 voll.

6 528 77 594 325.)
97 545 191 579 mense
203 530 292 595 Aprili
305 536 365 581 tota
377 531 548 596 dialogorum
566 522 672 588 πεντάς
689 530 800 595 prodiit.
820 530 1101 596 (calumabibliogr.
1116 547 1143 596 p.
1156 529 1220 581 48⁸.
1234 532 1261 580 in

1 614 40 678 c.)
61 615 177 680 adparet
195 616 289 679 itaque
309 616 380 665 hunc
399 616 539 681 dialogum
552 631 601 681 per
613 615 730 665 hiemem
744 631 769 664 a.
786 613 858 665 1519.
873 615 1043 681 conpositum
1057 616 1161 677 fuisse,
1181 632 1262 680 quam

11 701 101 748 ionem
111 701 184 749 inter
195 700 265 750 alios
276 701 356 750 huius
367 700 473 768 dialogi
484 700 559 750 locos
573 699 736 750 confirmant
747 700 831 749 etiam
842 700 882 761 ἐξ.
893 699 918 748 8.
929 698 968 748 18.
975 698 1016 749 36.
1024 725 1058 735 -
1076 700 1132 749 Sub
1145 700 1261 750 Vadisci

1 785 73 834 mino
87 784 198 834 Crotum
211 786 367 835 Rubiauum
386 787 504 836 amicum
522 801 600 834 suum
612 787 766 846 Huttcnus‚
786 790 810 834 si
824 790 900 834 recte
913 785 1047 847 divinavi,
1065 785 1147 833 nobis
1161 800 1261 850 reprae·

16 874 71 931 tat,
92 873 120 918 et
137 869 305 919 Ernholdum
323 868 614 935 Hutteno‘Arnoldum
631 870 664 919 de
678 864 822 933 Glaulrerg'
836 869 924 927 inisse
942 869 1076 939 suspicor.
1096 870 1128 918 ln
1148 870 1262 936 dialogo

8 970 40 1004 ra
62 955 213 1019 repetendo
239 955 283 1004 cui
306 954 468 1004 inscribitur
488 954 594 1018 ‘Pugna
616 955 738 1019 pietatis'
757 954 893 1004 Vadiscus
912 954 1071 1020 appellatur
1089 954 1149 1004 ‘ille
1163 956 1261 1005 Roma·

2 1039 147 1102 sconsul',
173 1042 218 1104 qui
245 1040 363 1089 ‘ociosus
386 1038 455 1089 nihil
480 1040 539 1104 agit
562 1037 639 1088 aliud
662 1054 742 1103 quam
767 1038 838 1103 quod
861 1039 978 1089 aliorum
1001 1054 1091 1089 mores
1111 1039 1260 1089 observat!

0 1146 3 1167 ι
17 1140 44 1174 ιο
64 1126 151 1190 ipsum
170 1123 310 1189 dialogum
323 1123 406 1175 Croto
425 1125 550 1188 equidem
570 1123 797 1175 adiudieavsrim.
811 1149 843 1158 -
855 1124 908 1173 Vix
927 1138 994 1189 opus
1007 1124 1061 1173 erit
1073 1123 1181 1174 diserte
1194 1140 1260 1189 prae·

0 1224 74 1257 rnera
98 1210 170 1258 hauc
188 1209 320 1258 Triadurn
338 1209 453 1260 formam
471 1223 560 1273 neque
585 1225 617 1257 or
640 1206 761 1273 trilogiis
780 1208 937 1259 Graecorum
957 1224 1047 1273 noque
1071 1224 1107 1258 ax
1124 1209 1260 1259 triadibus

6 1292 128 1355 mbricis‚
142 1293 190 1342 sed
204 1292 412 1344 exOhristiauis
425 1293 658 1358 tripartitionibus
671 1293 842 1359 desumptam
855 1309 925 1343 esse.
943 1293 1167 1344 catorumGraeci
1178 1295 1260 1343 ctiam

3 1398 15 1420 ιι
40 1376 74 1425 de
93 1376 181 1426 tribus
199 1377 361 1439 virtutibus,
379 1386 410 1427 ut
429 1378 500 1443 apud
520 1377 657 1427 Stobaeurn
677 1376 712 1440 (l.
724 1376 761 1440 8.)
780 1378 928 1443 Euripides
946 1379 974 1427 in
992 1379 1116 1444 Antiopa

171 1461 256 1524 Τρεῖς
275 1456 348 1512 εἰσὶν
366 1451 481 1526 ἀρεταί,
499 1454 551 1520 τοὶς
569 1454 659 1526 χρεών
677 1452 702 1510 o'
719 1452 834 1525 oleario,
853 1456 964 1526 τέκνον,

168 1537 258 1604 θεούς
276 1561 306 1596 τε
324 1545 426 1612 τιμᾶν,
445 1540 512 1604 τούς
530 1560 559 1596 τε
578 1541 747 1611 θρέψαντας
765 1549 868 1611 γονεῖς,

168 1623 272 1696 νόμους
291 1646 320 1681 τε
338 1624 454 1689 κοινοὺς
469 1622 616 1689 Ἑλλάδος·
632 1619 682 1680 aal
700 1629 791 1680 ταῦτα
810 1630 886 1695 δρῶν

166 1707 317 1766 κάλλιστον
335 1710 408 1778 ἔξεις
426 1709 569 1781 στέφανον
587 1708 717 1774 εὐκλείας
735 1705 790 1766 οἷοί.

11 1822 15 1844 ι
40 1799 74 1848 de
93 1800 182 1850 tribus
201 1800 282 1851 malis
300 1800 461 1866 loquuntur,
481 1807 512 1851 ut
529 1800 576 1850 bio
595 1815 692 1851 versus
708 1800 816 1850 habeta

168 1883 231 1950 Πῦρ
250 1882 299 1936 καὶ
317 1878 450 1936 θάλασσα
468 1882 518 1936 καὶ
536 1878 623 1950 γυνή,
643 1879 717 1935 κακὰ
737 1886 811 1950 τρία,
