3232 5422
290 391 339 440 XI.
410 406 569 463 arenosas.
639 406 779 443 omnoova
799 408 983 444 nrrrrurcvs.
1005 393 1086 457 (isto.)
1258 379 1330 452 397

101 577 278 620 nvrreuvs.
315 557 403 619 Bone
425 560 528 621 hahet:
562 579 630 621 narn
658 559 788 622 odiosius
816 578 904 639 agere
938 563 1091 640 incipiunt;
1126 561 1184 623 hoc
1213 564 1332 624 tandem

39 659 229 736 perfecimus.
1251 668 1252 675 ’
1308 676 1310 679 ·

101 780 306 823 cameracus.
344 763 416 833 Quia
447 764 482 824 ad
506 763 676 826 cortisanos
706 772 880 841 perventum
910 771 969 834 est,
998 765 1055 825 hoc
1084 772 1155 842 puto
1184 765 1332 842 agendum

39 862 104 931 libi,
128 862 273 932 liuttene,-
295 870 328 923 ut
349 863 387 923 ab
409 866 490 925 initio
513 883 643 943 exponas
665 864 751 926 nobis
773 874 845 943 quot
860 873 891 926 et
905 867 1021 944 quantis
1036 866 1146 927 referta
1160 865 1332 926 malisurbs

39 963 131 1024 Roma
153 965 199 1024 Sit.
281 1040 284 1051 Ι
345 989 348 994 ’
1158 961 1182 1025 i
1205 985 1330 1022 ortanam.

99 1087 276 1130 averanus.
313 1067 443 1129 Numera
466 1077 496 1129 tu
518 1087 637 1148 quoque
659 1068 773 1137 stellas,
797 1076 826 1129 et
848 1066 968 1129 arenam
990 1076 1126 1150 supputa.

99 1187 302 1232 remorsovs.
340 1170 451 1231 Tamen
474 1169 582 1250 aliquid
610 1169 658 1231 dio
685 1171 722 1232 de
740 1160 878 1248 ¹principe
900 1172 1013 1231 civitate
1035 1171 1161 1250 pseudo·
1184 1171 1191 1240 Ι
1213 1170 1330 1256 mmm·

39 1270 245 1348 episcoporum
268 1288 354 1331 nunc.

99 1392 274 1437 numanus.
312 1373 417 1434 Extant
432 1373 544 1452 llialogi
560 1380 589 1434 et
610 1372 664 1442 alia
687 1392 705 1434 a
726 1393 773 1435 me
787 1375 826 1433 ‘in
848 1374 924 1438 hanc
946 1393 1010 1441 rem
1031 1376 1211 1453 perscripta:
1234 1373 1330 1453 legite.

101 1493 303 1536 rnmmsovs.
341 1476 431 1546 Quasi
453 1493 522 1536 vero
545 1475 702 1554 legendum
730 1478 788 1537 iam
815 1478 867 1545 sit,
898 1483 927 1536 et
949 1493 1008 1535 non
1032 1475 1211 1536 familiariter
1234 1478 1332 1556 potius

39 1572 295 1642 confabulandum.

98 1696 274 1758 narraras.
311 1678 413 1757 ltaque
435 1698 527 1740 unum
550 1681 607 1741 hoc
629 1682 732 1741 scitote
755 1681 891 1757 primurn,
916 1680 1072 1739 deterrima
1097 1688 1128 1738 et
1147 1677 1155 1748 Ι
1176 1677 1248 1755 {¹333}
1259 1681 1319 1713 '‘¹'l'
1331 1693 1398 1742 §.1⁵³-

39 1780 258 1853 perversissima
281 1797 346 1841 esse
361 1780 463 1841 Rome
478 1784 590 1850 omina,v
616 1790 644 1843 et
665 1781 744 1860 quod
768 1781 824 1841 dici
839 1779 931 1850 solet,
954 1777 1062 1860 μηδὲν
1077 1771 1176 1858 ὑγιές.
1200 1780 1229 1840 id
1244 1782 1323 1858 quod
1376 1818 1379 1828 ι

39 1896 72 1937 eo
95 1881 185 1940 etiam
210 1882 402 1958 perniciosius
424 1893 484 1952 est,
508 1883 587 1963 quod
610 1883 715 1944 urbem
738 1883 815 1943 hanc
836 1883 1010 1942 invenerunt
1032 1900 1119 1960 quam
1135 1880 1266 1942 ecclesiae
1282 1900 1329 1942 ca·

39 1987 90 2057 put
111 1981 316 2052 instituerent;
338 1991 425 2062 atque
447 1983 487 2045 ibi
510 1991 669 2047 erexerunt
689 1984 845 2062 impudens
865 1983 922 2043 hoo
936 1981 1061 2053 idolum,
1085 1983 1256 2043 Pontificem
1270 1982 1331 2043 tia-

39 2081 158 2150 sunum,
183 2084 230 2142 cui
244 2086 341 2144 omnia
364 2094 588 2156 concesserunt,
612 2088 698 2147 etiam
714 2092 754 2146 ‘ut
769 2087 859 2163 possit
875 2087 899 2145 sl
915 2083 982 2145 velit
996 2092 1097 2144 contra
1119 2101 1127 2172 Ι
1143 2080 1331 2168 {ggjssfffleiw

39 2181 145 2242 Christi
167 2183 328 2246 doctrinam
352 2187 468 2247 edicere
490 2185 614 2267 aliquid,
638 2195 669 2249 ut
684 2187 839 2249 edixerunt
853 2187 996 2247 hactenus
1011 2185 1116 2253 multa,
1141 2192 1169 2246 et
1184 2185 1221 2245 ab
1237 2184 1330 2244 Eran-

39 2283 113 2360 gelio
137 2285 289 2348 discedere
311 2296 571 2369 quantumcunque
592 2288 680 2367 longe
702 2289 831 2370 placeat,
861 2296 952 2367 utque
980 2289 1006 2348 ei
1033 2285 1119 2346 liceat
1146 2287 1265 2347 beatum
1289 2287 1329 2346 la·

39 2403 107 2445 cere
130 2404 336 2467 quemcunque
357 2393 451 2451 visum
474 2392 575 2460 luerit,
599 2393 624 2452 si
644 2393 670 2451 is
692 2393 767 2462 vitat
788 2391 915 2469 pessime
937 2390 1039 2458 etiam,
1064 2395 1092 2448 ct
1105 2388 1254 2449 damnare
1269 2389 1330 2448 ani-

43 2505 106 2547 mas
129 2507 232 2548 eornm
255 2492 305 2567 qui
327 2493 564 2555 innocentissime
593 2500 819 2561 conversantur;
848 2491 994 2567 breuiter,
1023 2496 1055 2550 nt
1083 2497 1195 2551 tantum
1224 2491 1315 2570 possit
1329 2504 1396 2554 §.nn
1449 2565 1457 2574 .

39 2597 181 2666 quantum
204 2593 373 2668 permittere
396 2594 451 2654 sibi
474 2595 594 2664 audeat,
618 2613 714 2674 neque
737 2596 764 2655 ei
786 2592 1009 2655 contradicere
1032 2590 1131 2659 liceat,
1155 2610 1193 2651 ue
1208 2590 1328 2651 obmur-

39 2705 158 2751 murare
180 2690 313 2769 quidem,
339 2688 438 2774 neque
466 2696 510 2756 las
537 2698 574 2756 sit
600 2698 744 2775 derogare
772 2702 946 2774 potestatem
977 2695 1003 2754 ei
1034 2699 1182 2771 utcunque
1205 2693 1280 2769 vivat
1302 2700 1331 2753 et

39 2791 250 2871 qualiscunque
273 2797 322 2864 sit,
351 2795 419 2856 licet
440 2797 571 2859 ecclesiae
594 2798 725 2859 deleatur
747 2800 849 2858 etiam:
880 2815 948 2856 nam
970 2802 1000 2856 et
1021 2795 1077 2854 hoc
1099 2792 1140 2854 illi
1162 2793 1210 2853 dat
1233 2793 1330 2852 conci-

38 2891 108 2953 lium
123 2894 296 2965 Basilicum,
320 2904 350 2956 et
364 2897 676 2970 Ecclesiamsubiioit,
699 2919 734 2959 ac
756 2916 846 2977 supra
867 2897 1074 2959 authoritatem
1097 2912 1167 2954 con·
1189 2888 1196 2955 Ι
1219 2891 1329 2969 ξξξῆξῗξὲξ,

41 2993 173 3055 ciliorum
197 2995 273 3057 illius
289 3002 446 3075 potentiam
463 3003 560 3062 elicit:
589 3019 655 3078 quae
670 3002 767 3061 omnia
783 3019 878 3079 neque
893 3000 976 3059 iussit
991 2997 1137 3064 chrisma,
1161 3013 1257 3073 neque
1274 2994 1332 3055 lert

39 3103 158 3167 natura,
182 3106 215 3158 ut
236 3100 275 3159 inr
288 3098 410 3161 alicuius
431 3102 598 3163 mortalium
621 3109 764 3182 potestate
785 3104 823 3161 sit
846 3101 916 3179 quid
938 3097 1110 3159 immortalis
1133 3097 1206 3156 deus
1228 3097 1328 3164 iaciat;

39 3196 94 3258 hoc
117 3207 195 3260 osset
217 3201 304 3269 enim,
328 3204 353 3261 si
375 3222 442 3263 vera
465 3204 660 3281 predicarent
682 3205 772 3264 dese
794 3204 850 3271 isti,
874 3220 942 3262 curn
964 3200 1066 3261 dicunt
1087 3198 1235 3259 aChristo
1259 3216 1328 3257 con-

40 3304 154 3360 cessum
169 3301 240 3371 sibi,
264 3309 296 3362 ut
311 3321 366 3381 pro
381 3301 504 3365 arbitrio'
516 3295 547 3366 et
560 3305 680 3367 libidine
695 3305 815 3383 alligent
837 3312 865 3364 et
887 3302 1046 3364 dissolvant
1060 3302 1108 3362 hic
1130 3306 1137 3375 Ι
1160 3299 1331 3376 Ef'ssgftffl'ld‘

40 3401 116 3478 quod
140 3402 170 3460 in
194 3402 274 3463 omlis
295 3405 373 3483 apud
396 3406 637 3483 patrem·denm,
661 3406 864 3486 qualecunque
888 3406 914 3466 id
939 3407 991 3474 sit,
1014 3411 1109 3464 ratum
1133 3404 1265 3463 loturum
1281 3404 1326 3463 sit.

102 3523 280 3567 nancuron.
318 3506 372 3567 llic
393 3526 441 3568 me
462 3508 577 3569 discere
599 3508 652 3569 abs
674 3517 702 3569 te
725 3509 864 3586 perdecet
885 3506 1009 3586 aliquid:
1037 3525 1096 3568 non
1119 3514 1163 3567 est
1183 3508 1241 3567 hoc
1263 3506 1318 3567 illis
1330 3517 1397 3566 nun

39 3621 53 3663 a
75 3605 193 3665 Christo
216 3611 411 3668 concessum?

100 3724 274 3771 nvrranvs.
312 3709 490 3771 Concessum
512 3730 595 3780 rere,
618 3713 642 3771 si
665 3713 794 3790 perlecta
817 3714 846 3772 in
870 3713 911 3772 eis
934 3711 1060 3771 alteritas
1074 3713 1125 3779 sit,
1149 3712 1201 3771 sed
1217 3717 1330 3771 ettuno

40 3826 95 3868 uon
119 3811 213 3887 magis
235 3810 280 3870 liis
302 3829 389 3888 quant
413 3820 471 3873 aut·
485 3813 538 3873 tibi
560 3820 611 3875 aut
632 3814 703 3874 mihi
725 3821 775 3874 aut
797 3820 877 3875 recte
901 3813 1071 3874 Clariatianis
1093 3813 1240 3873 omnibus.

101 3931 279 3973 mennon.
302 3913 394 3989 Igitur
407 3913 499 3991 ligare
512 3915 569 3975 hoc
582 3922 611 3976 et
623 3914 738 3977 solvere
752 3917 882 3976 omniurn
899 3916 1008 3993 ubique
1024 3922 1068 3975 cst
1079 3915 1328 3974 Christianorum?

102 4033 293 4081 nvrrauvs„
315 4014 478 4077 Universim
506 4019 652 4086 omnium,
688 4018 832 4095 siquidem
858 4015 931 4077 tales
952 4017 1059 4085 simus,
1083 4022 1111 4074 et
1133 4015 1329 4092 cognitionem

40 4113 123 4191 piene
146 4113 308 4176 habeamus
330 4118 400 4193 quid
421 4115 570 4195 ligandum
591 4127 622 4180 et
643 4118 816 4180 soluendam
837 4110 1003 4179 necessario
1024 4119 1070 4175 sit.

100 4229 279 4278 mascaron.
316 4218 390 4288 Quid
409 4217 505 4295 ligere
527 4221 615 4298 igitur
636 4227 665 4280 et
687 4221 755 4297 quid
778 4218 893 4281 soluere
914 4218 1048 4295 oportet?
1122 4220 1129 4290 Ι
1152 4261 1171 4292 a

100 4339 275 4381 manus.
313 4316 434 4380 Vincula
460 4328 532 4399 puto
553 4328 752 4402 peccatorum,
776 4338 835 4379 uon
858 4320 1024 4379 divinarum
1046 4318 1261 4397 scripturarum
1282 4333 1328 4381 sa·

104 4512 235 4589 ‘Upper
251 4514 507 4588 perpetuumque
525 4518 670 4589 ἀριθμεῖς.
689 4523 857 4587 Diogenian.
872 4521 988 4571 vindob.
1002 4522 1024 4571 1.
1039 4521 1080 4574 lit.
1124 4519 1134 4552 ⁹
1152 4521 1289 4572 Vadiaeus
1308 4536 1329 4571 a.

39 4607 118 4658 Trina
131 4609 257 4658 Romane
276 4609 544 4674 otConqueationoa.
598 4608 618 4640 ¹³
637 4599 773 4672 pediu]
792 4605 863 4657 nihil
881 4620 986 4657 sanum.
1039 4604 1091 4639 Μ
1109 4607 1172 4657 lert.
1186 4607 1292 4658 Natura
1306 4610 1329 4658 1.

39 4690 57 4724 ¹⁴
76 4705 156 4742 cono.
170 4689 247 4757 Bac]
266 4694 363 4752 Immo,
381 4694 519 4744 Hnttene:
538 4694 611 4758 petie
629 4692 804 4752 concordata
820 4690 984 4755 principum.
1047 4690 1070 4723 θ’
1088 4691 1187 4742 Metto.
1201 4691 1273 4742 xvl.
1287 4689 1329 4743 iil.
