3232 5422
206 353 277 424 342
377 365 468 415 vnn.
539 379 795 415 uerrronrmrrrs.
866 378 1212 443 niranonreuvrrmucvs.
1238 361 1323 427 (run.)

136 545 322 599 §.tammum
345 535 463 598 tuturus
485 533 633 593 credatur.
679 533 817 597 Libenter
844 531 935 594 muita
958 532 1065 596 Leonis
1087 539 1250 610 praetereo,
1279 552 1315 596 ae
1337 531 1411 593 iilius
1431 533 1481 591 rita

205 645 346 717 quamnam
370 636 437 696 iicet
459 653 565 713 parem
595 634 730 697 homines
757 654 831 694 vero.
855 635 951 694 miror
979 634 1028 713 qui
1057 631 1157 694 salutis
1183 634 1354 711 praesidium
1376 637 1403 694 in
1425 652 1482 693 eon·

202 736 330 821 fflgfiffi
352 736 360 806 Ι
383 735 605 805 donationibus,
629 754 694 815 qnae
717 735 863 797 bonorum
887 753 1011 814 operum
1036 737 1228 795 cessationem
1252 736 1409 803 inducunt,
1436 735 1482 795 ed·

202 842 315 908 ineam,
344 858 412 899 earm
438 840 534 898 sriaut
560 838 648 899 tidem
676 838 739 898 sine
768 837 909 916 operibus
926 843 1085 899 mortuam
1109 855 1188 897 esse:
1222 855 1291 897 nam
1315 840 1342 898 si>
1362 840 1483 898 veniasa

205 942 344 1001 Pontifiee
368 942 526 1009 emeroari,
563 939 590 1001 id
614 958 683 999 rere
707 939 835 1008 animas,
869 938 1117 1017 quemadmodum
1141 940 1191 1016 qui
1214 939 1410 1015 nundinatum
1438 939 1499 999 mu
1598 934 1600 954 ²

204 1043 357 1103 mittuntur
379 1041 556 1121 praedicant,
587 1040 726 1110 salvaret,
756 1041 827 1102 uilrii
849 1059 987 1118 nragnmn
1012 1048 1090 1100 esset
1111 1058 1211 1100 amare
1234 1040 1326 1105 deum
1348 1048 1378 1100 et
1400 1041 1486 1118 prosi·
1571 1080 1572 1083 κ

202 1168 252 1205 ιω
269 1176 332 1212 am.
356 1160 365 1229 Ι
386 1162 482 1211 mma,
505 1141 577 1203 uuili
599 1161 723 1211 nocere,
747 1141 846 1203 turritis
860 1136 1016 1220 prodesse,
1041 1158 1099 1207 non
1111 1141 1226 1203 inferre
1241 1143 1390 1210 iniuriam,
1414 1144 1488 1203 etiam

203 1234 377 1312 defendere,
401 1263 489 1322 opem
513 1245 593 1305 terre
615 1245 743 1311 afflictis,
767 1262 944 1304 sueeiurere
966 1243 1135 1322 oppressis,
1165 1244 1265 1303 iuvare
1294 1245 1417 1322 inopes,
1444 1245 1492 1304 im-

203 1348 313 1425 pertire
335 1345 443 1423 aliquid
471 1345 668 1423 pauperibus,
701 1346 833 1423 affligere
862 1362 972 1422 eorpus
999 1345 1101 1405 labore
1127 1353 1158 1404 et
1193 1344 1312 1422 uigiliis,
1347 1361 1499 1408 macerare

202 1448 325 1516 ieiunio,
348 1455 489 1524 torquere
512 1446 700 1516 abstinentia,
724 1447 851 1525 denique
873 1450 969 1520 rivere
986 1447 1123 1508 intutum
1139 1446 1405 1530 absimentissime;
1429 1442 1506 1507 mh'd
1519 1454 1536 1491 o

203 1568 342 1626 magnum
364 1555 457 1617 esset,
480 1549 717 1626 qnandoquidem
741 1548 844 1610 liceret
865 1550 893 1607 in
918 1550 977 1608 otio
1001 1556 1030 1608 et
1052 1548 1177 1615 desidia,
1207 1554 1331 1625 tmpore
1351 1555 1382 1608 et
1404 1548 1513 1626 segui-

202 1648 326 1731 ffissgtffl·
350 1661 357 1732 1
380 1651 433 1718 tie,
457 1651 485 1710 in
509 1649 629 1727 erapuia
644 1659 681 1709 et
703 1650 859 1718 ebrietate,
883 1649 953 1710 itum
977 1657 1005 1710 et
1027 1649 1147 1717 delitiis,
1170 1651 1200 1709 in
1223 1650 1267 1709 ira
1290 1656 1320 1709 et
1343 1651 1430 1719 edio,
1452 1668 1529 1709 su·

203 1750 304 1829 perhia
328 1759 357 1811 et
380 1752 470 1819 tastu,
506 1752 591 1811 furtis
614 1760 642 1810 et
664 1753 782 1829 rapina,
817 1751 900 1810 iuriis
928 1758 957 1810 et
985 1751 1081 1818 caude,
1115 1751 1259 1818 breviter,
1294 1753 1422 1811 incursu
1453 1750 1537 1811 itte

204 1852 348 1913 urniorum
374 1871 500 1931 opernm
527 1852 648 1913 beatum
677 1854 757 1922 fieri,
786 1860 899 1925 tantum
934 1854 1039 1930 emptis
1068 1854 1192 1929 peennia
1219 1853 1543 1916 commotionibus-⁴

135 1965 191 2014 §.m
204 1964 233 2014 et
254 1961 323 2013 tunc
346 1954 506 2014 Fuecheris
530 1956 625 2032 primo
647 1954 712 2014 ineo
735 1954 864 2032 prodire
887 1962 963 2014 esset
990 1954 1075 2014 sairis
1098 1956 1175 2022 tieri;
1203 1972 1271 2013 nam
1300 1953 1422 2023 abunde
1451 1955 1572 2013 tia-¹³

204 2077 303 2120 murno
333 2065 344 2133 Ι
363 2055 469 2116 tierent
490 2057 529 2124 ii,
553 2075 611 2134 quo
634 2059 742 2116 iterum
764 2064 853 2134 atque
875 2057 985 2118 iterum·
1004 2063 1151 2116 emerent:
1181 2073 1239 2132 (luo
1266 2063 1356 2132 paeto
1380 2075 1436 2134 per
1458 2057 1526 2114 ἰιι
1540 2080 1553 2092 ¹·

203 2157 307 2226 oram!
336 2159 440 2217 iuriam
463 2159 673 2236 [rraeriperetur
695 2157 876 2235 pauperibus
899 2158 1077 2235 promissum
1105 2156 1261 2216 afflariste
1288 2175 1420 2233 reguum
1444 2176 1558 2218 ent·

203 2256 314 2326 turrim,
339 2259 425 2319 etad
448 2259 551 2320 divites
573 2279 607 2320 ao
630 2257 847 2337 voluptuarios,
876 2259 962 2318 toties
984 2258 1021 2318 ab
1044 2256 1092 2317 ilio
1116 2259 1285 2326 danmatos,
1322 2259 1415 2318 inrito
1435 2261 1563 2337 ips-⁰

202 2360 424 2420 transferretur.
462 2369 550 2439 atque
572 2361 625 2420 has
647 2368 706 2420 tam
729 2360 865 2424 sordidas
878 2362 1120 2437 cauponationeS,
1144 2367 1204 2421 tarn
1218 2359 1427 2422 fraudulentas
1448 2363 1566 2421 in-·

184 2457 338 2536 'postmas
358 2462 394 2522 ad
417 2463 583 2524 animorum
604 2461 728 2523 satutem
751 2463 888 2523 conferre
906 2461 1019 2540 aliquid
1041 2462 1207 2522 existimas?
1229 2463 1300 2539 quin
1323 2463 1426 2538 potius
1447 2455 1594 2522 suffit

202 2561 295 2621 veiam
318 2562 394 2623 hane
417 2563 453 2623 ab
476 2565 574 2624 animo
597 2566 766 2643 opinionem
789 2570 908 2633 exeute,
944 2570 1038 2641 teque·
1059 2563 1282 2626 reformandum
1311 2563 1438 2641 praehe,
1470 2559 1574 2624 12²²

202 2661 347 2740 intelligas
361 2665 485 2726 inanem
509 2666 608 2726 ineam
632 2685 696 2727 esse
719 2666 797 2734 nec,
827 2666 941 2726 veritati
970 2684 1028 2744 quo
1050 2666 1149 2724 minus
1170 2671 1350 2741 agnoscatur
1372 2670 1576 2742 praeterr·

202 2784 260 2819 uma.
290 2765 297 2831 Ι
320 2784 394 2826 sum.
432 2768 461 2827 id
484 2768 564 2845 qued
588 2766 633 2828 rei
648 2766 842 2828 nnumbullae
858 2765 1033 2846 vocabulum
1050 2766 1210 2829 admonere
1226 2773 1256 2825 te
1272 2765 1391 2826 debuit:
1417 2768 1578 2828 corifi*

202 2868 337 2935 materia,
362 2886 429 2927 cum
451 2870 489 2928 sit
510 2871 604 2929 inanis
626 2869 744 2947 quidam
768 2869 869 2936 ssatus,
894 2870 990 2946 primo
1011 2866 1310 2946 quotibetterissime
1333 2869 1425 2928 etiam
1448 2870 1579 2928 inst·

202 2968 289 3044 pulsu
311 2969 521 3047 disperiturns,
546 2971 614 3049 qnid
637 2972 666 3030 in
683 2970 771 3030 baliis
786 2970 925 3030 Rauranis
940 2969 1032 3030 sidere
1048 2968 1147 3037 liceat,
1171 2969 1417 3046 cognoscendum
1440 2959 1604 3030 (1³5th

133 3066 290 3155 audititi.
313 3068 321 3139 Ι
384 3092 534 3134 uournun.
572 3071 690 3150 Optimo
713 3071 777 3132 iure
800 3077 1018 3149 persequuntur
1041 3077 1069 3130 te
1091 3070 1286 3131 irriensissime
1308 3069 1413 3131 multi:
1442 3055 1580 3150 prad·

175 3194 176 3197 ¹
202 3190 282 3230 mum
305 3171 625 3243 romanuspontifex,
656 3175 702 3233 eui
731 3173 809 3251 quod
836 3175 866 3233 in
894 3173 957 3232 eius
978 3177 1121 3248 potestate
1144 3188 1291 3231 summum
1316 3180 1362 3232 est
1384 3172 1581 3234 adimiff·

201 3271 305 3332 deinde
329 3272 496 3334 Cardinaies
519 3282 547 3335 et
576 3275 791 3353 prothonotarii
819 3291 953 3342 omues,
971 3254 1125 3352 totumque
1152 3271 1223 3332 iilud
1251 3272 1397 3334 Romanae
1427 3272 1581 3335 wlff

200 3371 372 3442 eeneilinm,
397 3376 474 3453 quod
498 3375 534 3435 ab
557 3376 746 3452 indulgentiis
768 3383 797 3436 et
819 3378 854 3436 iis
876 3394 942 3453 que
965 3382 996 3435 tu
1020 3376 1129 3453 pariter
1152 3373 1248 3450 colligi
1265 3374 1392 3437 Romam
1410 3374 1578 3437 retaff·

200 3473 302 3541 alitam
332 3482 434 3551 postea
456 3476 561 3554 inopes
583 3477 688 3537 scribae
710 3484 740 3537 et
769 3478 875 3537 notarii
903 3496 938 3536 ae
959 3478 1060 3536 miseri
1081 3476 1224 3553 eopiistae,
1255 3476 1305 3554 qui
1329 3479 1386 3538 nisi
1410 3475 1600 3540 bultffli’

200 3574 377 3636 fabricandae
399 3578 522 3647 dentur,
546 3581 713 3639 necessario
736 3579 855 3639 tandem
878 3580 1018 3638 esurient.

32 3736 45 3749 ,
131 3692 188 3740 §.aa
262 3698 434 3739 uvruunvs.
472 3680 535 3748 Qua
558 3698 621 3740 mea
646 3678 749 3758 euipa‘t
783 3698 820 3741 an
849 3698 969 3758 possum
997 3680 1068 3739 dare
1098 3679 1155 3738 hoe
1177 3695 1233 3755 ego
1255 3679 1390 3755 pontitiei
1420 3660 1570 3759 quod

200 3778 334 3840 Christus
355 3798 413 3839 non
438 3780 535 3849 dedit,
563 3782 624 3843 ime
654 3781 733 3858 qrrnd
759 3780 852 3847 innita
875 3799 1062 3860 praemonens
1084 3799 1121 3840 ne
1143 3798 1273 3857 unquam
1296 3781 1327 3838 in
1350 3781 1563 3858 quastmffl

123 3878 127 3887 '
199 3889 330 3942 vertatur
354 3882 461 3959 pietas,
494 3882 603 3942 ademit
625 3884 730 3943 etiami
758 3884 830 3955 Qum
854 3885 964 3944 iactura
993 3889 1089 3943 antem
1114 3879 1284 3942 Christianae
1312 3883 1556 3960 reipublicae:

196 4006 275 4043 mear
277 4017 350 4043 ......
373 3986 380 4056 Ι
403 3985 462 4043 imo
484 3983 562 4063 quod
585 4002 644 4043 non
668 3984 802 4044 solatium
826 3993 855 4046 et
874 3985 1077 4052 eonrmodnm,
1101 3983 1124 4042 si
1147 3988 1206 4041 tota
1229 3983 1282 4041 ista
1303 3985 1397 4043 euriae
1421 3984 1580 4046 utin-:3³⁶

197 4072 335 4146 eoiiuvies
362 4103 420 4145 non
444 4088 553 4146 esuriat
575 4093 703 4155 tantmn,
731 4086 783 4146 sed
807 4088 883 4147 fame
906 4088 991 4147 etiam
1014 4086 1156 4148 intereat?
1179 4082 1243 4143 Non
1264 4084 1333 4152 iicet
1355 4086 1430 4146 mini
1445 4087 1543 4146 def

196 4205 264 4246 cere
287 4187 364 4247 atiud
387 4207 475 4265 qnam
498 4206 513 4245 a
537 4189 676 4265 magistro
699 4206 766 4247 meo
789 4187 905 4249 Christo
927 4177 1028 4254 didici,
1044 4226 1049 4229 <
1063 4193 1113 4246 aut
1141 4184 1271 4245 ecclesia
1301 4183 1381 4246 illins
1404 4199 1526 4266 quarn

196 4288 338 4362 prodesse
360 4289 437 4366 qund
461 4289 531 4348 seia.

127 4394 185 4442 §.aa
259 4409 408 4452 nemeen.
446 4389 510 4451 Tun
532 4391 561 4451 id
576 4388 724 4468 perienio;
748 4390 800 4450 sed
815 4388 911 4450 bullas
926 4391 975 4466 qui
990 4397 1050 4450 tam
1066 4390 1263 4453 irreverenter
1279 4388 1399 4466 aeeirris,
1424 4383 1516 4469 qnid

198 4525 398 4534 ——....-

261 4589 456 4658 ⁴Ep.1aeobi
475 4593 510 4640 11.
528 4592 566 4642 li.
637 4592 658 4624 ¹²
679 4592 778 4643 matth,
792 4594 825 4641 V.
839 4591 864 4643 3.
878 4593 946 4640 Lue.
961 4592 1007 4640 VI.
1020 4589 1061 4643 20.
1132 4588 1154 4621 ²³
1178 4589 1389 4649 ordiatssutl.
1410 4590 1503 4652 §.25-

192 4676 215 4734 ὅ.
229 4672 281 4739 iti]
301 4676 379 4736 Quod
392 4675 529 4725 liutherus
547 4677 572 4725 d.
590 4676 632 4725 tn.
652 4677 720 4726 Dec.
736 4693 761 4726 a.
778 4676 850 4726 1520.
865 4676 947 4737 feeit,
967 4677 1014 4725 hie
1032 4691 1061 4726 se
1081 4675 1220 4724 iacturum
1238 4674 1318 4724 dieii.
