3210 5416
118 394 237 429 nranoor
254 395 360 429 annania
379 395 495 431 rasrrvn
514 395 639 432 cannam.
660 378 950 447 [t.]coucrn1aarnvu
968 397 1231 452 anaonocrsranvu.
1278 371 1350 440 577

63 554 192 609 vertent?
223 563 251 609 et
279 561 343 610 tunc
364 554 463 611 docter
485 555 613 616 Sanctus,
644 564 672 610 at
694 553 855 629 Capreolus,
883 556 1037 618 liurundus.
1068 557 1187 613 Heraeus
1210 567 1237 613 ct
1259 560 1352 615 canteri

63 637 200 694 columnas
223 638 344 695 ecclcsiae
368 639 493 717 iacebunt
520 641 588 695 inira
617 653 753 696 scamnum
783 641 808 695 in
840 640 1003 714 pulveribus.
1049 659 1115 715 ergo
1142 653 1350 716 consequenter.

64 723 198 795 magister
220 723 340 779 Eduarde
362 723 428 785 bec,
458 743 505 781 vos
528 725 595 780 estis
616 725 769 786 cordatior,
799 735 826 780 et
856 725 961 781 hahetis
989 742 1072 782 umam
1097 727 1237 801 oouqoum
1256 730 1351 785 odium

62 816 160 864 eontra
183 807 321 865 Erasmum
343 818 371 864 et
392 809 534 865 blartioum
557 810 703 868 lutherum
727 818 754 866 et
777 802 898 866 illorum'
914 806 1058 885 sequaces,
1088 813 1154 867 estis
1178 813 1259 869 etiam
1283 831 1352 869 unus

35 892 155 948 ⁵bonus
187 893 319 956 Scutista,
353 902 381 950 ct
412 895 518 951 habetis
551 893 638 951 zelum
667 895 748 951 vestri
777 894 898 952 (lectoris
926 895 1054 959 Subtilis,
1087 898 1151 970 quid
1180 915 1247 968 ergo
1277 899 1352 955 vobis

63 977 188 1033 videtur?

128 1060 313 1121 Eduardus.
336 1064 401 1121 Cum
424 1065 645 1140 supportatione,
668 1064 798 1137 Magister
819 1033 929 1129 noster,
952 1063 1018 1159 licet
1042 1066 1106 1121 mihi
1129 1066 1242 1141 loquere
1265 1067 1408 1125 uuumld·

62 1147 192 1203 verbum?

128 1232 375 1290 llochstratus.
392 1276 393 1279 ,
412 1234 459 1290 Vel
481 1244 589 1292 centum
613 1237 636 1291 si
658 1235 756 1310 placet.

26 1325 54 1364 ¹⁰
86 1357 89 1362 -
130 1317 314 1375 Eduardus.
351 1320 492 1394 Nunquam
515 1322 580 1376 mihi
604 1321 706 1395 placuit
729 1320 774 1377 illc
797 1340 882 1377 novus
904 1321 1015 1382 modus,
1039 1321 1350 1385 etillinoviductorrs,
1441 1305 1444 1312 ¹

62 1403 256 1477 Hieronymus,
279 1407 462 1478 Augustinus.
486 1406 648 1462 Athanasius
670 1416 697 1461 ct
720 1405 759 1460 illi
781 1415 886 1480 poetae,
909 1405 1048 1462 licetuon
1072 1407 1155 1466 scium
1171 1408 1233 1481 quid
1252 1411 1277 1463 in
1296 1408 1350 1463 illis

62 1489 99 1543 sit
115 1489 255 1562 scripturn,
271 1507 359 1563 noque
375 1490 540 1563 intelligam
557 1492 603 1546 sed
620 1499 708 1547 tamen
725 1501 754 1547 ut
771 1493 875 1548 viatores
890 1491 969 1546 etiam
987 1490 1140 1547 homiuibus
1156 1493 1253 1548 vixisse
1270 1503 1295 1548 et
1313 1495 1351 1548 la·

61 1590 154 1628 cerem
177 1573 242 1629 mihi
266 1591 364 1630 nomeu
387 1576 461 1631 iuxta
475 1593 573 1632 nomeu
589 1593 757 1650 magnorum,
775 1585 830 1632 tres
847 1593 931 1632 tonnus
946 1575 1064 1649 perdidi,
1077 1576 1188 1652 ,qiribus
1203 1576 1349 1650 ulirprando

62 1675 115 1731 pro
138 1656 251 1720 solatio,
276 1660 383 1731 quando
406 1677 459 1717 non
477 1660 555 1716 uolui
579 1660 670 1734 legere
694 1661 720 1716 in
743 1661 839 1722 Scuto,
863 1670 926 1734 post
948 1661 1090 1734 prandium
1114 1663 1271 1734 treqirenter
1295 1663 1349 1735 legi

28 1743 191 1798 ¹⁵Graecum
213 1742 325 1799 stilles
341 1744 448 1801 Graecos
470 1745 596 1802 ducturos
618 1747 755 1807 cursorie,
779 1747 849 1802 sieut
871 1744 1037 1802 baccalaurei
1061 1747 1148 1801 nostri
1172 1745 1266 1819 legunt
1284 1748 1335 1802 Seu

63 1829 177 1888 teubas:
200 1837 227 1884 et
248 1846 298 1902 per
318 1829 400 1886 teum
422 1839 557 1894 sanctum,
582 1832 645 1904 quid
667 1830 792 1887 deberem
808 1832 912 1893 (licere,
937 1831 1043 1887 invenio
1066 1831 1139 1903 quod
1155 1830 1222 1886 nihil
1238 1840 1280 1886 est
1296 1830 1405 1887 nisti-⁷·

64 1930 117 1968 rrna
150 1911 315 1975 falsificatio,
346 1915 409 1988 quia
438 1914 482 1971 ille
509 1915 637 1972 lirarsmus
665 1915 825 1972 falsificavit·
842 1916 895 1972 hoe
922 1933 1020 1971 norum
1043 1915 1258 1977 testoroentum.
1287 1918 1350 1989 quia

42 1997 176 2055 'omnlino
204 2014 257 2053 non
285 1998 400 2055 habetur
429 2000 456 2055 in
479 2009 572 2056 nostra
595 1999 885 2074 translatione-qum,
913 2009 1089 2056 tumenrere
1110 2009 1160 2055 est
1184 2000 1349 2074 llicrunymi.

62 2083 135 2138 sicut
159 2083 216 2156 ipse
238 2084 375 2157 pervertit.
420 2085 596 2142 nihilominus
620 2096 708 2142 tamen
730 2103 782 2158 ego
805 2086 905 2142 monui·
921 2086 1056 2141 hominom
1080 2085 1250 2146 charitative,
1276 2095 1305 2141 ut
1320 2104 1349 2142 se

25 2168 231 2240 ”corrigerem
254 2167 296 2224 vel
318 2169 375 2224 suis
398 2171 619 2226 annritatiunibus
642 2172 723 2226 etiarn
746 2179 853 2237 nostras
876 2171 1000 2238 adderet,
1024 2170 1046 2225 si
1068 2168 1150 2226 vellet
1166 2170 1275 2226 omnino
1291 2189 1350 2226 esse

62 2252 106 2309 sui
128 2252 243 2326 capitis:
267 2262 330 2322 tunc
352 2254 404 2309 luit
426 2254 492 2310 adeo
515 2255 649 2329 superbus
672 2255 745 2329 quod
768 2255 896 2318 abstersit
917 2254 1008 2311 ciclum
1030 2272 1090 2311 cum
1113 2254 1258 2310 schedulis.

127 2336 374 2394 llochstratus.
411 2338 468 2412 Ego
490 2339 560 2396 bene
580 2341 684 2403 audivi,
713 2330 787 2414 'quud
810 2358 858 2396 ros
880 2341 935 2396 duo
957 2357 1011 2396 non
1034 2339 1103 2395 hone
1125 2340 1203 2401 statis
1224 2358 1285 2395 curn
1310 2340 1406 2395 m-aa.

62 2422 163 2477 ricem:
187 2421 253 2478 latet
274 2424 372 2496 anguis
395 2423 421 2478 in
445 2424 540 2481 herba:
564 2434 606 2481 est
628 2425 693 2481 mihi
717 2418 814 2481 mirum
837 2426 909 2499 qued
934 2443 980 2480 vos
1001 2425 1178 2499 contempsit,
1202 2434 1229 2481 ct
1250 2425 1351 2481 dicitur

62 2516 153 2562 umen
176 2507 247 2580 qraorl
269 2509 304 2563 sit
326 2507 537 2564 humanissimus
558 2518 586 2566 et
601 2512 694 2584 pueris
709 2509 838 2585 loquatur
852 2518 880 2566 et
895 2510 1003 2566 scribat.
1029 2524 1031 2528 “
1047 2509 1098 2565 Sed
1114 2500 1209 2566 dicatis
1224 2508 1349 2565 ulterius.

25 2599 52 2637 ²³
128 2591 313 2648 Eduardus.
350 2593 424 2650 Licet
446 2595 486 2650 sic
508 2594 603 2657 iaciat,
627 2605 716 2652 tamen
739 2613 791 2668 ego
814 2595 960 2651 odiosum
983 2613 1015 2650 er
1038 2594 1134 2655 corde,
1159 2596 1221 2668 quia
1238 2612 1292 2665 riou
1309 2604 1349 2649 est

62 2676 152 2732 bonus
175 2676 304 2739 Scotista,
328 2686 356 2734 et
378 2679 475 2753 scripsi
495 2689 591 2736 contra
613 2698 674 2736 eum
697 2698 780 2736 tinum
803 2679 916 2735 librum:
945 2680 1027 2736 credo
1051 2679 1123 2752 quod
1146 2678 1289 2752 aliquando
1313 2681 1350 2734 vi·

60 2762 159 2817 distis:
189 2771 216 2817 et
243 2762 357 2828 scribam
379 2772 474 2837 contra
496 2782 557 2820 eum
580 2765 665 2835 adhuc
687 2764 771 2821 inulta
795 2762 886 2838 plura,
916 2765 979 2836 qiua
1007 2765 1063 2818 scio
1095 2764 1146 2818 ium
1169 2763 1300 2837 profiteare
1325 2765 1350 2817 iu

61 2845 173 2908 Graeco,
195 2855 223 2902 et
246 2847 306 2904 volo
328 2848 415 2904 alhuc
437 2848 499 2923 plus
522 2849 632 2904 studere
654 2850 682 2904 in
698 2850 807 2910 Graecu,
831 2857 862 2904 ut
884 2866 945 2904 cum
967 2849 1130 2903 conluudani
1154 2848 1224 2921 apud
1240 2848 1350 2920 Episco-

62 2948 115 3005 pos
136 2939 164 2987 et
186 2932 282 3006 Papam
305 2941 333 2988 et
353 2932 520 2996 cardinalem
542 2934 659 3007 donique
681 2941 709 2989 ct
731 2933 802 3007 apud
823 2933 1047 2995 llcrthusensem,
1072 2932 1190 2987 omnium
1214 2933 1350 2991 studioso·

13 3023 53 3065 ⁴³⁰
64 3034 126 3073 runi
149 3015 268 3080 btrstcm,
292 3017 402 3074 insidias
415 3026 531 3092 ponam.

128 3101 371 3159 llocbstratus.
409 3102 521 3160 Fecistis
544 3104 686 3166 audacter,
709 3102 776 3160 nihil
798 3102 914 3165 curetis,
937 3104 995 3157 viso
1018 3103 1090 3176 quod
1114 3103 1151 3158 ito
1168 3101 1235 3156 nihil
1251 3102 1284 3157 de
1300 3103 1404 3157 aro-§.u

61 3186 105 3242 bis
127 3196 213 3243 curat.

106 3256 331 3342 'Eduardusq
351 3272 434 3330 lmuio
457 3273 569 3337 laciam;
592 3291 680 3348 neque
704 3275 796 3330 luciam
813 3273 877 3328 mibi
892 3272 1087 3329 conscientiam
1104 3289 1187 3345 super
1203 3272 1261 3333 boc,
1286 3272 1349 3346 qttia

61 3347 209 3430 possumus
231 3356 367 3413 celebrare
390 3359 524 3430 quotidie,
548 3368 576 3414 ct
599 3376 738 3415 rancorem
762 3367 872 3432 portare
896 3358 921 3412 in
944 3358 1040 3419 corde,
1065 3356 1172 3430 quaudo
1194 3358 1350 3415 estodium
1413 3378 1438 3403 ν

25 3446 166 3504 ³⁵musae,
199 3458 253 3498 non
276 3459 416 3516 personas,
446 3443 517 3500 sicut
538 3444 604 3500 dicit
625 3444 722 3500 eluctor
744 3443 866 3499 Sanetus.
884 3442 910 3497 ii.
927 3442 954 3497 ii.
971 3451 1034 3497 artt.
1049 3440 1105 3497 xiii.
1121 3441 1217 3497 memb.
1235 3443 1272 3497 iii.
1289 3461 1315 3516 q.
1333 3443 1349 3497 i.

61 3693 266 3701 -----

132 3792 141 3826 ¹
160 3795 265 3844 Doctor
282 3793 404 3860 sanctus]
419 3795 543 3846 Thomas
561 3796 691 3859 Aquinas.
706 3797 742 3845 ci.
756 3796 808 3846 vol.
823 3785 844 3845 1'.
859 3812 885 3861 p.
902 3795 956 3844 itt.
971 3811 1011 3859 sq.
1082 3790 1243 3859 Capreolus]
1269 3795 1348 3843 I'oun-

64 3893 129 3938 nes,
148 3883 228 3943 puto,
248 3879 352 3929 ordinis
371 3879 397 3929 S.
411 3881 563 3939 Dominiei,
589 3880 697 3940 Gallus,
717 3881 736 3939 †
757 3881 830 3930 lddd.
850 3881 966 3945 Scripsit
984 3883 1013 3929 in
1031 3884 1162 3944 quattuor
1180 3878 1263 3926 libros
1283 3879 1347 3924 Sou-

61 3963 212 4012 tcntiaruna
235 3979 283 4028 pro
301 3964 416 4013 'Phorna'
430 3965 560 4015 adversus
578 3948 840 4025 Sdotum,.Petrum
858 3965 1017 4023 Aureolum,
1042 3961 1201 4013 Nominulcs
1225 3960 1347 4024 aliosque

61 4048 175 4097 'I'homoe
194 4049 376 4109 aduersarios.
397 4049 441 4099 cf.
453 4049 577 4100 Fabricii
591 4050 662 4099 Bibl.
675 4051 738 4098 Lat.
753 4050 822 4098 med.
837 4055 864 4097 et
883 4049 932 4097 int.
947 4054 992 4096 aot.
1006 4047 1027 4094 l.
1041 4063 1067 4110 p,
1081 4045 1138 4094 917.
1192 4043 1347 4109 iterandus]

62 4131 147 4194 (tuit,
167 4133 234 4183 item
247 4133 302 4182 ord.
317 4133 547 4196 Praedicutorum‚
567 4149 621 4183 non
639 4133 725 4182 solum
737 4122 817 4182 iuter
834 4135 892 4181 iure
911 4130 1049 4181 consultos
1063 4128 1154 4177 clarus
1173 4128 1348 4194 (ci.vol.l.p.

65 4215 143 4279 tta),
157 4217 301 4267 sedetiam
314 4217 470 4277 Rationalis
481 4217 633 4267 divinorum
645 4216 796 4267 officiorum
808 4221 836 4264 et
847 4216 974 4265 librorum
987 4214 1021 4262 ad
1033 4228 1152 4263 canones
1164 4214 1348 4276 spectantium

63 4307 161 4350 auctor
179 4301 422 4352 celebratissimus.
479 4299 615 4365 Heraeus]
635 4300 757 4358 Natalis,
782 4300 966 4357 Aremoricus,
988 4295 1044 4346 ord.
1057 4297 1140 4374 praed.
1154 4297 1286 4360 magister
1303 4313 1348 4362 ge-

62 4383 179 4445 neralia,
204 4384 399 4436 subtilissimus
418 4387 446 4435 in
463 4386 556 4451 logica
574 4391 603 4433 ct
620 4383 806 4449 philosophia,
831 4384 943 4447 scripsit
961 4396 1056 4430 comm.
1072 4382 1099 4430 in
1118 4385 1246 4446 quattuor
1263 4380 1348 4431 libros
1425 4439 1428 4447 Ι

62 4467 282 4531 Sententiarum,
306 4471 335 4519 in
352 4470 511 4520 Aristotelis
528 4468 613 4519 libros
632 4465 789 4527 nonnullos,
814 4466 847 4515 do
867 4481 926 4515 ease
946 4470 973 4515 et
992 4466 1124 4522 essentia,
1149 4465 1183 4514 de
1202 4465 1347 4515 latitudine

63 4554 167 4603 entium
185 4568 216 4607 at.
234 4552 379 4615 †a.1323.
393 4554 428 4604 cf.
442 4553 552 4603 Fabric.
568 4551 584 4601 l.
600 4568 623 4601 c.
642 4552 692 4600 lll.
711 4568 737 4615 p.
752 4550 809 4600 tau.
823 4566 862 4615 sq.
949 4547 960 4613 ⁴.
984 4548 1132 4614 sequaces]
1158 4549 1347 4606 ct‘.lnd.bibl.

63 4638 214 4691 nxxxn.
268 4635 420 4702 ⁵subtitis]
434 4637 518 4688 Scoti.
532 4637 568 4686 cl.
582 4636 635 4687 rol.
650 4637 670 4685 Ι.
684 4653 709 4700 p.
726 4634 781 4683 177.
830 4633 850 4666 ¹¹
868 4634 911 4684 cf.
924 4634 977 4684 vol.
992 4635 1013 4684 1.
1027 4651 1051 4699 p.
1064 4632 1122 4683 346.
1137 4648 1195 4697 sqq.
1247 4631 1348 4684 ”Der
1444 4634 1445 4637 ’

62 4718 231 4785 tharsensem]
244 4723 404 4772 Hadrianum
417 4722 470 4771 PP.
488 4721 537 4772 VI.
546 4723 633 4784 paullo
644 4726 703 4786 port
717 4721 820 4784 factum.
867 4715 890 4750 ⁸⁴
908 4718 952 4768 Cf.
965 4719 1018 4768 vol.
1032 4719 1068 4768 ll.
1082 4735 1108 4784 p.
1127 4716 1181 4767 105.
1194 4733 1219 4767 v.
1235 4717 1274 4767 la.
1288 4733 1346 4784 sqq.

122 4806 253 4856 Hvrrrrur
273 4806 339 4856 Orr.
360 4821 422 4857 vor..
435 4806 501 4856 llll.
1083 4804 1123 4863 37
