3270 5430
333 364 384 416 Ill.
454 377 736 413 msnmvsmvns.
772 358 1026 428 orbreselensis.)
1172 402 1174 404 ,
1280 344 1327 417 73

47 539 112 593 ste
130 532 255 603 studio,
279 552 342 612 ¹quo
364 535 458 612 magis
476 533 514 593 ad
535 534 704 593 sersitutem
724 534 856 592 remittas
878 534 939 593 iem
964 549 1029 601 me,
1061 532 1148 609 atque
1170 530 1328 593 audium·

48 653 102 694 ere
126 654 167 694 aes
190 633 278 702 illud,
301 635 379 712 quod
401 653 449 695 me
473 635 531 695 disi
553 635 589 695 ad
612 634 741 694 oilieium
764 635 954 694 vocaturum?

95 756 227 798 cusrvs.
267 735 374 805 Atidio,
401 736 451 795 sed
476 735 604 795 breviter
625 736 699 796 adde
720 734 827 814 aliquid
849 737 872 794 si
891 741 995 802 restet,
1021 733 1128 812 epilogi
1145 736 1174 794 in
1197 734 1326 794 modum.

94 827 261 899 mssrnrs.
302 838 377 908 Ouid
400 839 443 896 ris
465 836 569 897 addam
591 839 644 898 nisi
668 846 699 897 nt
724 845 753 897 te
774 854 912 896 moneam
930 854 988 915 quo
1010 855 1092 896 mere
1112 835 1182 897 illud
1206 843 1248 895 tot
1265 847 1397 897 motos

47 937 79 997 lis
101 943 274 1016 sospeuum
302 938 456 1014 logias-se
484 939 571 1006 rites;
600 957 638 998 ne
665 948 794 1017 unquam
823 939 1001 1017 navigationi
1023 944 1049 998 te
1078 939 1242 998 committas
1269 945 1329 998 tem

47 1038 224 1106 serioulosae,
249 1046 309 1099 tam
330 1041 474 1108 exitioso:
496 1058 533 1100 ne
554 1041 584 1098 in
608 1039 697 1100 rebus
719 1037 791 1100 odeo
814 1039 925 1108 dubiis,
949 1040 1022 1099 adeo
1045 1022 1166 1099 incertis
1179 1055 1262 1116 spem
1278 1057 1330 1117 po·

47 1158 103 1208 ras;
139 1157 176 1200 ue
195 1139 397 1219 tibipediess
422 1135 530 1201 imlnas
553 1160 587 1201 se
616 1149 806 1219 spontaneam
833 1141 1001 1202 servitutem
1030 1158 1180 1210 accersas,
1213 1142 1242 1201 in
1272 1158 1339 1219 rpus

47 1250 137 1302 ostes
162 1243 250 1303 miser
275 1261 341 1302 enm
363 1245 416 1312 sm,
446 1262 505 1302 non
529 1243 687 1304 identidem
711 1245 750 1301 sis
769 1240 957 1310 miserabilis,
990 1260 1056 1301 enm
1080 1241 1157 1301 ultro
1181 1241 1243 1302 talis
1265 1259 1328 1301 esse

47 1344 164 1404 'olueris
186 1351 214 1404 et
233 1363 269 1405 ex
291 1346 408 1406 miseria
431 1345 607 1424 voluptatem
630 1343 684 1404 tibi
704 1345 859 1421 petendum
880 1344 1015 1410 dexo-iu
1039 1351 1089 1402 aut
1110 1342 1242 1421 siquibus
1264 1356 1397 1406 moun.

47 1451 131 1505 estus
153 1432 309 1523 aliqnando
333 1447 478 1513 extiteris,
509 1445 602 1506 ardico
630 1445 679 1505 illo
695 1453 823 1522 turgens
846 1447 937 1512 iastu,
969 1452 1041 1505 tune
1064 1464 1131 1505 eum
1157 1444 1246 1504 multa
1277 1442 1328 1505 tibi

47 1546 221 1616 irriderent,
250 1553 299 1606 sut
322 1565 391 1607 vero
412 1549 479 1625 quia
501 1546 661 1608 insolenter
685 1548 764 1626 quod
786 1548 910 1617 viseris,
941 1564 992 1622 eos
1019 1565 1098 1606 nune
1119 1546 1236 1606 adiicias
1258 1563 1329 1622 gnir-

47 1648 84 1707 iio
108 1647 254 1715 deiectus,
277 1664 352 1726 quos
374 1649 479 1709 insidia
502 1647 570 1708 olim
593 1647 781 1709 sublimatus:
811 1666 916 1708 moneo
940 1650 1058 1727 inquam
1081 1664 1117 1707 ne
1140 1655 1168 1708 te
1191 1666 1226 1708 ex
1250 1667 1353 1707 eom··

47 1749 170 1808 nodiore
189 1750 244 1808 rite
264 1750 293 1809 in
317 1751 374 1809 bns
384 1757 586 1831 tempestates,
609 1751 661 1810 lms
680 1750 840 1828 proeellas,
865 1749 942 1827 surde
961 1768 1113 1833 emergere
1129 1747 1329 1809 difficillimum

47 1853 87 1918 it,
113 1849 246 1919 abiicias;
270 1870 307 1910 ne
331 1850 367 1911 eb
391 1835 489 1912 altimo
512 1851 626 1920 exules,
655 1860 684 1911 et
712 1852 740 1911 in
763 1853 808 1912 liis
831 1852 1037 1913 afflictionibus
1058 1852 1270 1911 immunitatem
1293 1852 1352 1909 ire¹

47 1969 170 2031 lusores,
202 1961 293 2032 utque
321 1955 490 2032 memineris
517 1952 644 2013 libertati
674 1956 879 2014 renunciatum
910 1961 941 2012 ut
968 1954 1095 2031 primum
1124 1954 1153 2013 in
1184 1952 1279 2013 aulam
1302 1958 1330 2011 te

47 2054 265 2131 naneipeveris,
295 2055 350 2113 nisi
376 2072 478 2114 servus
505 2073 563 2116 nou
587 2062 630 2115 est
654 2055 856 2132 ariterpttms
879 2060 1001 2115 nonest
1027 2055 1076 2133 qui
1098 2072 1185 2114 uuam
1210 2053 1329 2113 domum

47 2155 139 2232 »gredi
162 2157 233 2215 eitra
257 2158 461 2233 praescriptum
484 2173 543 2215 non
565 2156 669 2226 audet;
693 2156 813 2215 omnino
835 2163 866 2215 nt
887 2156 1009 2234 longum
1029 2154 1125 2216 valere
1147 2154 1227 2215 dicos
1247 2153 1329 2225 eules,

47 2276 65 2315 n
89 2275 147 2335 qno
170 2266 309 2334 corrupta
330 2264 400 2317 sunt
421 2258 533 2325 omisis,
556 2245 658 2318 οὐδὲν
679 2245 786 2336 ὑγιές,
810 2258 859 2318 ubi
881 2257 1065 2317 difficultates
1087 2259 1168 2318 mirae
1187 2256 1328 2318 obiiciun-

49 2376 101 2426 ur,
125 2357 209 2418 malis
231 2358 426 2436 gratificatur,
451 2357 500 2418 ubi
526 2357 589 2418 aliis
615 2375 705 2437 opera
728 2360 922 2438 impenditur,
950 2358 1004 2419 sibi
1027 2357 1136 2419 malum
1158 2359 1327 2428 accersitur,
1408 2408 1413 2418 .

47 2459 86 2520 ibi
110 2462 253 2538 optimum
277 2460 354 2539 quod
377 2459 534 2529 babemus,
565 2461 683 2531 trustra,
705 2469 835 2539 tempus,
858 2462 1026 2522 conteritur.
1070 2460 1202 2521 'landem
1224 2461 1330 2520 videsis
1340 2470 1398 2520 §.ts

47 2562 105 2621 ruic
126 2562 286 2621 invenustae
307 2562 449 2621 venustati
471 2579 508 2621 ue
530 2570 558 2622 te
582 2564 756 2641 capiendum
777 2563 923 2640 prmbeas,
947 2582 1005 2641 quo
1027 2581 1065 2622 ne
1087 2562 1158 2623 loris
1181 2563 1329 2635 ineundis·

47 2663 110 2722 time
133 2661 300 2723 demulctus
328 2665 405 2724 iuius
434 2663 622 2724 acerbissime
651 2667 855 2743 pertracteris,
891 2664 1016 2743 deinque
1044 2665 1152 2724 misere
1178 2665 1330 2725 subverta-

47 2765 92 2823 ·is:
117 2781 186 2824 uam
210 2765 280 2843 quid
302 2766 392 2825 retest
414 2766 511 2825 aureis
534 2773 561 2826 te
591 2766 721 2825 cathenis
748 2768 875 2826 vine-tum
903 2767 968 2844 qrris
995 2784 1032 2825 arr
1055 2765 1161 2826 ferreis
1187 2766 1331 2826 detinenti

47 2874 86 2924 int
109 2865 219 2945 aliquid
243 2865 334 2927 refert
356 2886 371 2927 a
397 2884 455 2944 quo
482 2865 598 2926 metullo
627 2869 714 2944 piscis
743 2867 893 2928 trahatur?
926 2869 955 2927 in
976 2885 1089 2927 summa
1114 2874 1145 2927 nt
1168 2885 1248 2926 mare
1268 2884 1331 2926 esse

47 2968 209 3027 nomineris
228 2967 333 3027 aulem.
375 2968 413 3029 de
433 2987 480 3028 me
502 2976 535 3028 ut
556 2969 593 3028 eb
615 2969 670 3028 isto
694 2969 845 3045 nottiragio
868 2975 996 3036 enatem,
1021 2970 1082 3045 ipse
1105 2968 1213 3028 videro.

100 3088 232 3129 cuorus.
270 3067 323 3130 Ubi
352 3069 519 3130 ielieitetem
548 3069 599 3129 tibi
627 3078 711 3148 opto,
746 3078 773 3131 et
807 3070 882 3130 dabo
916 3071 978 3148 ipse
1011 3087 1147 3147 opernm,
1180 3088 1216 3129 ex
1245 3076 1272 3128 te
1298 3075 1399 3129 utem.

47 3170 200 3231 »reiecisse
222 3171 314 3231 rideri
336 3172 458 3249 possim,
483 3191 517 3231 oe
539 3171 590 3231 tibi
611 3171 699 3232 mirlta
722 3171 847 3234 libenter
869 3172 977 3240 debeo,
1002 3172 1051 3250 qni
1073 3190 1119 3231 ure
1144 3172 1173 3231 in
1197 3178 1330 3248 tempore

47 3271 198 3332 nonneris.
1083 3288 1084 3291 ¹

99 3393 267 3435 urssvmrs.
306 3373 370 3434 Tibi
393 3392 448 3450 ego
473 3377 595 3451 gretiam
620 3376 743 3435 vicissim
767 3375 877 3444 liabeo,
913 3376 991 3455 quod
1022 3393 1069 3435 me
1093 3392 1151 3434 non
1175 3376 1333 3436 oscitanter

103 3574 188 3642 ἐι]
204 3592 254 3627 ens
272 3563 315 3627 13.
379 3575 575 3627 ⁴Admonitio.
593 3583 711 3643 usurpo.
776 3578 865 3628 “.Ne
887 3581 920 3627 H.
983 3579 1072 3627 ⁷.Ne
1093 3580 1127 3628 H.
1185 3578 1257 3653 ultro
1272 3585 1334 3642 post

49 3668 223 3728 pontsneam
241 3663 300 3711 edd.
326 3664 404 3711 deleo.
419 3663 454 3711 H.
496 3663 595 3712 “ultro
613 3665 674 3712 aelel.
689 3665 734 3724 H„
748 3665 848 3713 omiser.
862 3665 921 3713 edri.
941 3662 1030 3744 (etinru'
1041 3661 1096 3726 ts.)
1143 3662 1267 3713 ⁹Loerms
1286 3669 1333 3712 sut

47 3783 62 3796 ..
77 3748 206 3812 inquam,
226 3763 297 3812 quem
315 3751 388 3812 quusi
404 3764 453 3797 non
471 3754 589 3809 extaret,
609 3748 756 3808 Minebtus,
777 3750 835 3813 quia
853 3765 902 3797 nnn
920 3751 1058 3806 insederit,
1079 3751 1177 3798 ournino
1194 3752 1332 3812 preteriit,

47 3850 59 3880 ι
78 3832 160 3893 isser.
173 3847 254 3896 aurp.
266 3833 304 3880 sic
322 3834 422 3881 eddidit
437 3833 470 3883 H.
491 3834 546 3881 Aut
564 3833 687 3896 siquibus
706 3832 836 3882 molestus
856 3833 983 3896 sliqundo
1003 3834 1141 3892 extiteris,
1170 3832 1262 3882 aulico
1285 3832 1334 3882 illo

47 3931 153 3982 urgens
171 3916 248 3965 fastu
270 3913 322 3981 [sie
339 3923 402 3965 enirn
420 3919 559 3965 ererenduoit
582 3934 639 3983 prere
659 3919 765 3981 primuni
787 3921 928 3982 scripserat
952 3920 1006 3967 Aut
1030 3935 1083 3967 erim
1107 3917 1238 3966 molestus
1260 3918 1348 3966 etiurn'

47 4002 135 4058 iuris,
157 4000 230 4061 sustu
254 4006 368 4063 turperis,
393 4008 418 4049 et
441 4002 562 4065 strperdia
584 3999 691 4067 elutusl,
715 4007 780 4051 tuno
804 4018 864 4051 eum
880 3999 885 4067 Ι
901 4002 986 4051 multu
1010 4003 1063 4051 tibi
1087 4002 1255 4061 arriderent,
1280 4003 1335 4050 Aut

47 4103 102 4135 'ero
122 4085 190 4150 quis
208 4084 360 4134 insolenter
379 4086 449 4150 quod
474 4087 590 4146 vixeris,
615 4103 661 4135 eos
686 4088 739 4134 nire
760 4086 763 4149 Ι
785 4084 909 4151 [bodens]
933 4087 1049 4135 adiicias
1073 4086 1175 4150 gaudio
1197 4085 1332 4145 deiectus,

47 4186 105 4235 tuos
123 4169 234 4219 inuidis
253 4168 318 4217 olim
336 4166 401 4234 [er]
420 4171 591 4220 sublimotns.
608 4169 612 4235 Ι
630 4173 727 4220 lloneo
746 4172 856 4234 inquom
875 4186 909 4219 ne
929 4176 956 4220 te
977 4187 1008 4218 ex
1029 4174 1087 4219 edm
1108 4173 1150 4219 eti
1170 4205 1177 4223 ,
1236 4168 1257 4201 ¹⁵
1269 4168 1335 4232 tht

47 4256 72 4303 i.
87 4260 118 4303 ut
130 4255 191 4304 edd.
229 4250 251 4284 ¹⁵
263 4243 351 4303 οὐδὲν
362 4245 448 4318 ὑγιές.
463 4255 531 4304 nihil
545 4271 650 4305 suumn.
669 4246 748 4320 ripole
760 4248 833 4320 μηδὲ
847 4249 887 4305 ἓν.
901 4256 1038 4320 Aristoplr.
1052 4255 1124 4304 Plut.
1138 4253 1179 4304 37.
1216 4289 1222 4302 .
1238 4253 1290 4302 Vbi
1299 4255 1333 4302 H.

47 4340 144 4389 oirs5.
182 4340 260 4388 mirae
271 4339 307 4388 H.
351 4338 488 4389 ”areana
501 4341 627 4397 reticere,
643 4342 732 4389 oeium
746 4346 822 4389 reete
836 4340 990 4403 disponere,
1004 4340 1120 4388 iniurias
1133 4337 1261 4406 tolerare,
1275 4339 1334 4387 edd.

47 4426 82 4473 ed
92 4425 128 4472 H.
143 4426 213 4472 linea
229 4425 484 4474 trausductadeteoit
502 4432 526 4473 et
545 4426 683 4489 adscripsit
702 4424 782 4495 mulis
800 4423 954 4489 gratificat‘t
990 4424 1063 4472 .Vbi
1078 4425 1113 4472 H.
1166 4420 1189 4454 ²³
1207 4459 1213 4472 .
1228 4422 1283 4471 Vbi
1298 4422 1333 4471 H.

47 4509 170 4559 iubemus
188 4514 215 4559 5.
269 4509 447 4558 conterimus.
466 4511 524 4557 edd.
578 4507 599 4539 ²¹
624 4511 753 4558 tracteris
777 4511 835 4557 edd.
855 4508 941 4569 (etium
956 4508 1011 4568 13.)
1036 4525 1085 4572 per
1100 4509 1284 4572 suprascripsit
1298 4508 1333 4557 H.

47 4592 362 4644 'Nomedd.Num13.
400 4593 507 4642 ostonis
521 4596 564 4642 13.
600 4593 704 4641 victum
718 4597 760 4643 13.
796 4590 912 4641 ²⁸.Aut
932 4593 965 4641 ΙΙ.
1008 4589 1030 4621 ²³
1050 4591 1141 4641 aulam
1160 4593 1192 4641 de
1211 4608 1267 4651 me,
1287 4593 1335 4641 ubi

47 4681 80 4728 ld.
92 4680 206 4744 stupide.
250 4677 385 4743 ipseodd.
400 4678 435 4726 H.
483 4675 504 4708 ²⁶
522 4677 577 4726 Ubi
634 4683 698 4725 etet
713 4678 770 4741 ipse
789 4678 849 4726 add.
866 4679 900 4726 H.
955 4692 986 4725 ex
1006 4680 1032 4726 te
1048 4678 1204 4742 ..possim,
1223 4678 1285 4726 add.
1300 4678 1334 4726 H.
