3232 5422
269 345 342 416 346
441 362 531 411 t'ttll.
602 379 858 414 noxxronranrrs.
928 379 1273 417 araneorsnvrrnnxcvs.
1304 366 1388 431 (ttae.)

198 532 367 600 tltniatis,
402 533 472 591 satis
500 531 535 591 ad
560 551 658 617 reram
687 532 895 594 beatitudinem
926 535 984 594 sint
1014 536 1100 595 etiam
1123 536 1195 613 ipsa.
1242 538 1331 614 igitur
1354 544 1384 599 ει
1405 539 1549 615 pecuniam

266 632 376 693 habere
400 632 498 693 multis
525 632 608 703 licet,
642 642 670 694 et
697 653 798 694 servos
828 643 856 696 et
885 636 1101 713 possessiones,
1136 644 1165 696 et
1193 636 1275 697 beari
1305 645 1406 699 tamen
1433 640 1550 716 proclive

265 740 323 802 est,
346 735 434 795 ctiam
456 734 624 812 Episcopis;
658 749 766 797 rerunt
783 738 821 797 ita
844 737 905 804 his,
936 744 968 796 ut
991 737 1068 815 (prod
1093 737 1216 808 babent,
1246 741 1341 816 parati
1364 759 1482 819 semper
1502 742 1550 801 sint

264 836 392 896 dividere
416 837 611 915 pauperibus,
646 854 701 915 pro
724 856 756 897 se
779 846 878 898 autern
903 844 1022 898 utantur
1050 841 1223 900 necessariis
1253 847 1383 908 tautum,
1414 843 1489 900 citra
1515 842 1549 900 ia·

264 944 358 1007 stum,
394 939 465 998 citra
489 957 644 1016 pompam,
678 939 804 999 maxime
826 947 923 1000 autem
947 940 1019 999 citra
1048 939 1172 1002 ahenam
1201 942 1348 1002 iniuriam.
1394 942 1565 1020 prodiginum

265 1038 428 1126 55:⁰⁰3&ssss
452 1050 459 1122 Ι
483 1047 526 1100 εει
549 1047 645 1100 autern
670 1040 866 1104 Christianum
891 1041 1068 1118 Episcopum
1090 1042 1187 1101 studio
1210 1045 1345 1120 pecuniae
1368 1045 1463 1105 teneri
1483 1063 1549 1104 eam

265 1159 322 1218 que
344 1159 450 1220 rapere
474 1160 526 1219 per
549 1142 699 1210 iniuriam,
731 1143 888 1220 prodigere
911 1143 940 1200 in
963 1139 1048 1209 luxu,
1078 1161 1165 1220 quem
1195 1143 1304 1223 alioqui
1334 1163 1433 1224 neque
1459 1164 1549 1222 super·

264 1242 328 1302 bire
351 1242 451 1312 decet,
476 1261 571 1323 nequo
594 1234 734 1322 voluptati
756 1245 834 1321 apud
858 1242 1008 1303 selorum
1032 1242 1145 1313 iacere,
1169 1263 1264 1323 neque
1287 1247 1387 1306 carnis
1410 1246 1547 1325 desyderii

264 1345 423 1421 perficere,
446 1362 543 1423 neque
566 1345 666 1405 mundi
689 1343 835 1405 illecebris
857 1343 1052 1422 prepeditum
1075 1348 1184 1414 teneri;
1208 1353 1320 1424 quanto
1344 1347 1444 1407 minus
1459 1345 1547 1425 pacem

266 1443 403 1513 turbare,
438 1444 513 1505 belia
536 1465 656 1524 gerere,
692 1446 801 1505 crudem
831 1445 929 1505 iacere
957 1454 1007 1505 aut
1035 1446 1122 1506 credis
1150 1448 1305 1508 authorem
1330 1467 1462 1528 unquam
1483 1449 1569 1515 fierint

267 1546 325 1605 irno
347 1564 408 1606 non
423 1546 566 1608 obsistere
582 1565 824 1626 usquequaquam
841 1545 1010 1616 discordiis,
1034 1548 1241 1618 seditionibus,
1266 1549 1352 1609 bellis
1368 1556 1399 1610 et
1413 1550 1546 1610 cedibus?

196 1659 255 1708 stt.
328 1669 477 1710 uomron.
516 1649 574 1709 Sed
597 1648 764 1708 huiusmodi
786 1647 1000 1726 Episcoporum
1023 1648 1146 1728 pudebit
1168 1649 1215 1710 hic
1237 1669 1295 1710 mc.

326 1766 500 1812 cvraanvs.
538 1750 602 1811 Non
625 1750 761 1829 pudebit,
791 1758 823 1809 ut
845 1751 972 1828 primum
994 1751 1177 1827 adsuereris:
1212 1769 1375 1827 cognosces
1399 1756 1475 1814 enim
1496 1771 1546 1812 nra·

263 1848 463 1937 bggfflggffssffilgssg
488 1848 608 1930 ignum
638 1853 713 1911 iuter
742 1852 813 1911 istos
841 1852 943 1911 mundi
973 1853 1122 1931 principes
1150 1859 1180 1912 et
1201 1852 1359 1913 Christiani
1388 1856 1485 1932 gregis
1505 1872 1548 1930 pa·

263 1961 357 2013 stores
380 1952 536 2014 discrimen
560 1953 757 2021 intercedere,
782 1959 810 2013 et
833 1960 975 2032 utrosque
996 1973 1050 2014 suo
1069 1953 1134 2013 loco
1151 1961 1240 2032 utque
1256 1954 1453 2015 merebuntur
1468 1954 1545 2015 coles.
1558 1966 1582 2007 ιι

241 2107 244 2113 ,
327 2075 477 2116 nouxron.
516 2054 648 2131 liugnam
671 2073 772 2114 rernm
795 2056 1040 2133 permutationem
1063 2056 1219 2134 proponiS,
1250 2064 1279 2115 et
1306 2059 1391 2117 cuius
1421 2074 1549 2136 capacem

263 2173 327 2215 esse
349 2156 537 2220 Germaniam
558 2175 618 2216 non
641 2156 740 2216 eredo.

328 2277 500 2319 xnrnanvs.
537 2258 610 2318 Tam
634 2264 677 2317 est
700 2276 787 2337 qnam
810 2256 911 2317 salutis
933 2266 978 2318 est
1000 2275 1100 2335 capax.

195 2374 254 2422 cu.
329 2378 479 2419 nouxron.
516 2358 561 2418 'ln
586 2366 682 2419 tamen
705 2358 763 2419 hoc
784 2360 859 2418 scias
880 2367 1053 2419 secuturum
1076 2359 1225 2438 mequod
1248 2361 1340 2423 tutius
1362 2369 1415 2421 cst.

324 2479 496 2521 caracara,
534 2458 625 2530 Quale
646 2461 676 2520 id
699 2461 760 2521 esti
1556 2467 1610 2517 f-

261 2555 378 2637 iiiiii?
399 2553 406 2624 Ι
471 2582 621 2624 nomnen.
659 2562 848 2622 Huiusmodi:
872 2562 1054 2623 Christianus
1076 2569 1108 2621 tu
1130 2563 1180 2623 εει

324 2683 496 2726 avrnunvs.
520 2664 613 2724 Etiam
622 2666 777 2724 iactanter:
790 2650 858 2724 narn
870 2664 946 2724 hanc
957 2662 1050 2723 solam
1063 2670 1091 2724 et
1102 2663 1439 2741 verarnindicogloriam
1452 2680 1549 2727 meam.

325 2785 476 2827 nonxron.
514 2765 608 2826 Etiam
631 2765 938 2826 Pontifexllonxanus
961 2774 1021 2826 est:
1056 2766 1211 2842 profitetur
1239 2766 1317 2824 enim
1349 2773 1381 2825 ut
1411 2773 1442 2826 tu
1465 2766 1550 2825 Exan-

261 2866 387 2943 gelium,
412 2873 440 2928 ει
455 2868 512 2928 hoc
533 2869 652 2928 nomine
674 2885 807 2927 summus
830 2875 882 2935 est,
906 2866 984 2944 quod
1008 2866 1114 2927 Christi
1137 2867 1261 2926 vicarius
1284 2872 1341 2934 est,
1367 2869 1489 2946 eiusque
1510 2886 1550 2925 se·

262 2971 361 3049 quitur
376 2971 567 3048 proscripta,
597 2970 680 3030 cuius
701 2970 802 3029 ricem.
816 2970 899 3045 gerit.
1557 2983 1610 3029 ,ε

194 3086 252 3136 §.t-¹.
264 3069 433 3147 stillicidis*
456 3072 463 3143 Ι
527 3091 699 3134 xnrnsavs.
738 3072 803 3143 Quo
825 3075 968 3148 praetextu
985 3070 1128 3130 mundum
1143 3067 1216 3128 fallit
1232 3068 1342 3128 tamdiu
1358 3070 1426 3137 iam,
1443 3077 1473 3129 et
1486 3069 1551 3128 sidc-

261 3171 331 3232 lium
355 3172 447 3233 oculis
470 3173 569 3233 lucum
593 3173 675 3233 lacit:
699 3191 736 3232 an
759 3191 818 3231 non
841 3170 998 3248 Evangelio
1022 3170 1170 3230 contraria
1192 3176 1361 3230 statuerunt
1387 3171 1550 3231 innumera-

259 3272 334 3334 biles
356 3272 453 3334 mnltis
475 3275 531 3335 iam
553 3276 636 3335 annis
657 3274 831 3334 Pontifices?

324 3393 473 3436 nonxron.
512 3374 597 3444 Quod
620 3392 675 3451 ego
698 3373 785 3454 quala
809 3375 926 3433 sitnon
950 3372 1033 3434 valde
1056 3374 1133 3440 scio;
1157 3380 1237 3433 certe
1261 3380 1359 3433 tamen
1381 3374 1412 3432 in
1434 3374 1469 3433 iis
1490 3391 1551 3451 qua

261 3482 443 3546 statuerunt,
468 3476 550 3536 video
574 3477 680 3537 Christi
702 3475 917 3554 protessionom
939 3483 1173 3554 praetereantque
1204 3475 1267 3534 eius
1290 3474 1430 3535 omnibus
1451 3474 1610 3537 autho-aa:

261 3578 392 3646 ritatem,
416 3577 453 3638 ad
475 3577 554 3638 hunc
575 3596 698 3655 scopum
721 3579 832 3638 directa
854 3577 960 3638 omnia.

192 3698 251 3747 aaa.
325 3697 495 3741 nvruenvs.
534 3679 571 3739 Ut
598 3680 689 3757 siquis
717 3698 789 3740 auro
819 3680 919 3757 pingat
940 3677 1094 3756 plumbum
1118 3678 1282 3756 xtendatque
1311 3696 1366 3755 pro
1389 3697 1465 3738 auro
1488 3676 1550 3743 tibi:

260 3782 319 3841 ixno
343 3799 411 3840 vero
435 3778 548 3841 exitiale
571 3799 715 3840 venenum
738 3781 829 3859 siquis
851 3779 980 3840 eburnea
1004 3776 1148 3853 inclusum
1164 3779 1249 3839 theca
1266 3780 1376 3839 mittat:
1400 3777 1551 3856 namquid

259 3881 412 3958 ssssflgiffig
435 3879 443 3949 Ι
465 3890 494 3942 ιε
516 3889 613 3943 moret
634 3883 714 3960 quod
737 3882 794 3943 hoc
815 3868 939 3951 nornen,
968 3881 1044 3941 hanc
1072 3887 1235 3958 praetexant
1256 3881 1317 3941 suis
1340 3879 1550 3941 constitutioni·

258 3983 315 4046 bns
337 3984 560 4054 authoritatem,
594 4000 661 4044 cum
689 3983 735 4043 hm
763 3981 1113 4061 nihilominuspecuniae
1135 4000 1268 4042 caussam
1297 3986 1399 4059 agaut,
1435 3979 1610 4040 lucrunx.=;

259 4086 355 4146 oleant
378 4105 411 4146 ac
433 4088 513 4147 omni
536 4105 571 4145 ex
594 4092 678 4163 parte
700 4092 844 4164 quaestum
868 4091 897 4144 et
919 4084 1070 4143 avaritiam
1100 4083 1230 4161 sapiant?
1257 4083 1336 4160 quod
1366 4082 1470 4160 utiquo
1492 4099 1548 4141 nou

259 4187 387 4256 rideres,
410 4189 434 4248 si
457 4187 563 4248 Christi
585 4194 662 4248 esset
684 4185 810 4246 traditio.

191 4307 249 4357 dxc.
321 4309 471 4351 xromxon.
509 4290 583 4349 Hiuc
606 4296 677 4366 puto
698 4294 756 4356 est,
781 4287 860 4365 quod
883 4288 964 4347 aiunt
987 4284 1086 4363 rulgo,
1110 4283 1280 4359 atterius-te
1295 4285 1454 4362 impietatis
1467 4301 1548 4353 rcum

261 4386 330 4464 5251}
344 4398 376 4424 ⁰⁰·
399 4393 407 4458 Ι
429 4399 563 4467 agentes,
588 4389 667 4467 quod
689 4387 789 4467 largiri
812 4387 903 4448 multa
926 4386 1057 4448 ecclesiis
1080 4393 1168 4455 retes,
1192 4386 1360 4464 authorque
1381 4388 1423 4446 sis
1444 4386 1499 4463 pira
1520 4384 1547 4442 in

258 4492 425 4551 sacerdotes
446 4491 552 4551 Christi
575 4489 738 4551 liberalitati
762 4497 794 4550 ut
815 4489 921 4548 modus
942 4495 1095 4551 statuatur.

322 4611 496 4658 cvraanvs.
534 4591 627 4672 llerte
649 4593 746 4652 aiunt:
780 4607 848 4652 nam
875 4589 1002 4651 libenter
1029 4590 1086 4650 hoc
1115 4589 1205 4657 iacio,
1240 4607 1337 4667 neque
1366 4596 1465 4648 muron
1489 4588 1610 4645 siuet

323 4705 344 4738 ²¹
354 4708 638 4762 Huiusmodichntu
651 4725 680 4759 es
688 4714 711 4759 1.
725 4708 962 4762 Huusmoeacnu
975 4712 1046 4758 ast.
1082 4705 1317 4772 §.43.]Erasmum
1332 4706 1406 4756 audi.
1442 4703 1463 4735 ³⁹
1475 4703 1580 4769 piet-
