3210 5416
63 374 183 409 nannoni
203 374 309 409 ssrrsat
328 375 445 410 autrive
464 376 588 410 cnnnror.
609 357 653 426 [a]
671 375 800 409 narreris
819 375 852 408 nr
877 374 1110 409 aarensrrrronas
1129 375 1229 412 racana.
1283 344 1356 415 573

64 531 133 589 mam
155 531 306 605 dolusque
329 532 360 586 in
379 540 503 605 quartam
524 533 738 604 generationem.
763 531 814 586 sed
829 532 925 587 -etin
957 532 1106 588 canonibus
1129 550 1198 606 quos
1221 534 1273 607 ipsi
1296 549 1356 589 sau-

64 625 179 678 neruat‚
201 634 236 672 ne
257 617 291 672 ad
314 617 464 672 sacerdotia
486 616 527 672 vel
551 615 637 672 allicio
652 616 858 690 subrogentur.
875 617 922 671 sed
944 617 1006 690 quia
1021 619 1177 673 nrttrisrun't
1193 618 1292 673 frontis
1308 636 1355 673 aa·

63 702 168 757 alaniam
189 710 218 756 et
239 700 436 757 volubilitatem
455 701 559 775 lingum
581 703 719 757 consecuti
742 709 818 762 strat,
858 701 958 773 passim
981 719 1011 757 se
1033 703 1174 775 ingerunt,
1198 704 1354 758 econtrario

63 786 189 842 cruditos
208 786 289 842 ,viros
306 785 405 845 latere.
438 786 593 848 obscurari.
626 788 833 859 persecutiones
860 786 918 858 pati
946 795 974 842 et
1001 803 1056 841 nou
1084 786 1172 842 solum
1202 787 1228 843 in
1250 787 1354 861 populo

37 869 112 926 arel
131 869 307 944 adpulalicas
328 870 475 944 dignitates
503 872 624 943 gratiam
644 887 698 926 non
725 870 839 932 ltalaere,
873 871 920 926 sed
948 871 1029 926 etiam
1059 872 1149 945 inopia
1177 880 1205 927 et
1232 881 1355 944 egestate
1386 916 1388 918 .

71 955 219 1011 tabescere.
263 955 327 1012 licet
348 972 402 1011 non
426 956 548 1028 ignorem
570 955 629 1012 ideo
652 956 708 1012 llaec
729 955 1352 1028 teri‚,qaiat1nert0sututerunturomnta.

71 1049 101 1097 et
123 1057 176 1095 non
199 1049 240 1096 est
264 1039 317 1097 illis
341 1041 366 1096 in
390 1043 518 1114 praesenti
540 1040 683 1096 retributio
706 1041 879 1102 meritorum.
915 1041 1017 1096 sedin
1048 1040 1149 1096 futuro.
1195 1041 1274 1095 Vidit
1295 1042 1423 1101 henou,

73 1133 103 1180 et
124 1125 298 1182 Ecdesiastes
320 1125 367 1181 illc
389 1125 469 1186 olim,
503 1125 609 1200 qnando
635 1125 709 1181 dedit
736 1141 786 1181 cor
810 1141 889 1180 snum
912 1127 939 1180 in
961 1141 1040 1180 omne
1062 1142 1132 1198 opus
1160 1126 1232 1199 quod
1255 1127 1353 1182 lantum

73 1217 118 1265 est
140 1209 190 1265 suu
212 1209 286 1266 sole:
309 1211 374 1266 vidit
396 1211 481 1273 enin,
509 1210 581 1284 quod
603 1210 787 1265 dominaretur
808 1208 890 1265 lrouao
918 1209 1036 1273 homini,
1064 1219 1095 1264 ut
1121 1210 1256 1284 allligeret
1278 1228 1354 1273 eutii:

36 1302 103 1352 roet
126 1295 192 1354 vidi.
215 1295 317 1369 inquit.
342 1296 440 1369 impios
462 1289 598 1369 sepultos.
628 1302 820 1356 sevenerunt,
848 1303 877 1350 et
898 1295 932 1351 do
953 1293 1015 1350 locu
1038 1303 1132 1351 saneto
1154 1296 1257 1369 egressi
1281 1306 1354 1358 susat,

66 1388 96 1434 et
117 1378 219 1437 laniati
242 1388 305 1435 suot
328 1380 499 1442 incivitate,
528 1380 590 1454 quia
617 1380 655 1435 sic
686 1381 823 1441 lecerunt:
856 1380 910 1435 vidi
938 1389 1063 1435 mortuos
1086 1383 1125 1435 sic
1153 1380 1290 1454 sepultos,
1325 1390 1354 1436 ut

66 1465 154 1520 sancti
175 1465 377 1521 aestimarentur
399 1466 426 1520 in
450 1474 533 1526 terra,
558 1465 604 1538 qui
626 1482 718 1538 quum.
731 1464 865 1526 viverent,
894 1463 1060 1538 putabantur
1086 1465 1161 1537 digni
1187 1483 1247 1521 esse
1269 1465 1356 1521 eccle-

66 1549 117 1604 siae
133 1549 278 1623 principes
300 1558 327 1604 et
351 1549 444 1624 templi
466 1550 523 1611 dci,
552 1559 578 1606 et
607 1550 717 1623 insuper
739 1547 908 1604 ambulantes
932 1549 1026 1604 tmuidi
1049 1548 1228 1606 laudabantur
1250 1551 1277 1605 ia
1300 1568 1354 1607 ma·

66 1633 140 1688 liciis
161 1635 233 1696 suis,
256 1634 327 1690 sicut
349 1643 377 1690 et
398 1634 467 1690 alius
489 1634 622 1708 propheta
641 1634 720 1695 (licit,
745 1634 890 1689 ‘laudatur
912 1634 1022 1708 iniquus
1045 1634 1073 1690 in
1093 1634 1243 1708 desyderiia
1258 1636 1354 1691 ammae

33 1735 144 1780 nasae,
167 1727 195 1777 ct
215 1719 326 1792 iniquus
347 1719 531 1776 benedicitur.
575 1718 630 1775 lloc
658 1727 747 1775 autem
774 1728 926 1793 propterea
955 1719 1061 1780 evenit,
1095 1721 1157 1792 quia
1185 1737 1264 1775 nemo
1291 1737 1354 1794 pec·

66 1801 193 1859 cantibus
215 1802 335 1877 prelatis
358 1805 438 1860 audet
461 1805 602 1865 resistere,
623 1821 673 1859 nec
695 1804 786 1860 statim
807 1804 876 1859 deus
898 1802 986 1860 scelus
1007 1802 1163 1866 ulciscitur,
1193 1805 1240 1859 sed
1262 1804 1353 1860 didert

65 1904 190 1961 paenam,
222 1888 287 1944 dum
316 1897 440 1962 expectat
471 1889 663 1963 paenitentiam,
706 1905 756 1943 nec
778 1888 921 1963 quisquam
943 1904 991 1943 eos
1011 1906 1140 1945 accusare
1159 1889 1254 1952 audet,
1282 1889 1420 1963 quiana.

64 1972 154 2028 sancti
176 1980 204 2028 et
226 1973 298 2029 beati
320 1974 347 2029 iu
371 1975 516 2048 praeceptis
538 1974 637 2029 domini
660 1972 828 2029 ambulantes
850 1981 952 2046 augent
979 1982 1090 2047 peccata
1117 1975 1250 2047 pereatisa
1282 1974 1353 2029 dilli-

65 2053 129 2112 eilis
152 2065 195 2112 est
216 2059 353 2114 accusatio
376 2059 402 2115 iu
426 2060 596 2132 episcopum:
629 2057 652 2112 si
675 2057 838 2132 peccaverit,
871 2075 927 2113 uon
950 2058 1077 2119 caeditur,
1112 2067 1140 2113 et
1167 2060 1190 2114 si
1213 2060 1353 2114 contaetus

28 2142 168 2204 uoluerit.
191 2159 247 2198 non
268 2145 390 2216 punitur.
434 2144 526 2200 Omnia
547 2153 636 2200 autom
659 2143 718 2200 haec
740 2143 875 2217 permittit
896 2143 964 2198 (leus
985 2152 1100 2217 propter
1114 2152 1223 2216 peccata
1243 2143 1353 2218 populi;

68 2235 184 2300 propter
202 2227 258 2284 lano
275 2227 413 2284 dominari
435 2229 500 2285 lacit
520 2246 570 2284 eos
590 2229 637 2301 qui
660 2228 775 2284 oderunt
790 2245 853 2288 eos.
876 2228 1069 2290 effeminatos,
1095 2227 1205 2291 molles,
1228 2228 1353 2302 gulosos,

67 2312 392 2386 ventrosus.animales‚
416 2312 557 2374 bestiales,
581 2313 720 2374 indoctos,
744 2314 826 2387 impie
848 2312 979 2374 zelosos*
998 2320 1145 2387 tyrannos,
1174 2314 1352 2387 suspiciosos,

67 2398 347 2470 percurrerentur
370 2409 524 2472 supernos
543 2399 582 2453 ira
604 2397 706 2453 domini
723 2398 851 2470 usquein
867 2398 962 2459 daona,
987 2399 1074 2453 omnis
1090 2399 1201 2471 sanguis
1218 2400 1351 2454 iustorum

67 2499 83 2536 a
107 2482 240 2554 sanguiue
262 2483 412 2556 primorum
435 2492 582 2556 martyrum
605 2500 690 2555 usque
713 2483 744 2538 ad
767 2481 891 2539 ultimum
914 2483 1030 2538 iustum:
1058 2491 1186 2557 potentes
1203 2484 1279 2540 enin
1302 2501 1352 2556 po·

30 2582 59 2621 aa
71 2574 162 2621 tenter
184 2567 336 2640 patientur:
360 2568 406 2622 sed
429 2585 482 2623 non
506 2569 670 2640 recogitant,
704 2584 757 2623 non
787 2567 890 2628 vident.
923 2568 985 2640 quia
1009 2567 1154 2624 obcecavit
1175 2586 1223 2624 eos
1245 2567 1421 2633 maliciam.

69 2659 99 2706 et
121 2651 247 2725 superbia
269 2670 376 2708 corum:
410 2652 474 2708 caeci
502 2652 664 2718 enimxsunt
691 2660 718 2708 ct
740 2652 821 2707 ducos
844 2669 990 2715 cneorum
1023 2653 1188 2710 ‘lletrcdictus
1210 2653 1354 2721 domiuus,

70 2735 213 2809 inquiunt,
236 2737 308 2810 ‘quia
330 2737 427 2793 divites
449 2737 511 2792 lacti
534 2753 640 2799 sumus;
664 2737 815 2793 occidamus
837 2745 865 2792 ct
887 2746 1046 2797 mactemus,
1070 2747 1098 2792 et
1119 2753 1174 2793 non
1190 2737 1278 2795 solum
1293 2747 1354 2793 tun·

69 2821 165 2877 alannus
187 2839 312 2894 gregem.
336 2822 382 2878 sed
405 2822 486 2877 etiam
502 2822 677 2886 trucidemus,
702 2821 775 2879 velut
798 2820 869 2895 lupi,
893 2821 966 2882 velut
981 2822 1055 2899 ursi'.
1093 2821 1198 2878 Sufficit
1219 2825 1258 2879 eis
1281 2823 1353 2895 quod

71 2923 166 2961 omnes
189 2907 311 2962 redditus
334 2916 361 2961 et
384 2907 452 2962 bona
477 2907 528 2980 ipsi
549 2906 704 2981 possident,
728 2906 802 2978 quod
823 2922 909 2979 equos
930 2907 1056 2961 nutriunt
1077 2907 1303 2980 speciosissimos.
1326 2915 1353 2962 et

32 2990 189 3052 mutinam,
214 3001 243 3047 ut
266 2991 409 3053 hactenus.
433 3009 503 3047 nunc
525 3009 558 3047 nc
579 2991 647 3047 nihil
669 2992 785 3063 pessime
807 2997 904 3064 agant.
928 3000 954 3045 ct
973 2990 1164 3046 scelestissime
1186 2992 1353 3065 profundant

70 3075 264 3148 patrimonium
286 3076 401 3132 Claristil
434 3074 560 3132 Phaleras
585 3075 732 3132 conficiunt
754 3093 786 3130 ex
814 3092 880 3131 auro
902 3084 1081 3147 nargaoto,
1110 3085 1137 3131 et
1159 3076 1231 3132 lerra
1253 3076 1419 3150 quibustas.

69 3177 205 3234 equorum
226 3161 309 3235 pedes
331 3162 470 3223 muniunt.
504 3178 535 3216 ex
560 3171 692 3233 argento,
727 3174 809 3234 quum
832 3159 940 3215 interim
967 3177 1100 3234 pauperos
1128 3161 1227 3216 Christi
1254 3169 1363 3235 egeant,-

69 3261 139 3319 pane
161 3253 189 3301 et
211 3246 348 3302 mendicus
370 3245 547 3301 lasarnsm'st
569 3246 684 3303 saturari
706 3246 795 3319 possit
815 3246 848 3300 de
872 3244 949 3300 micis
977 3259 1037 3319 que
1065 3246 1166 3301 cadunt
1190 3245 1223 3302 de
1252 3246 1353 3302 mensis

71 3331 195 3402 ipsorum
222 3329 283 3404 plus
310 3347 390 3404 quam
418 3330 540 3393 Croesus,
568 3329 630 3404 plus
658 3348 737 3404 quam
764 3329 939 3404 Sybariticis.
969 3330 1064 3387 asotiis
1092 3329 1351 3405 voluptuosissimis.

35 3414 108 3470 salle
131 3415 231 3472 scortis
252 3432 307 3472 nun
329 3416 406 3477 dico,
429 3433 511 3489 quum
533 3414 585 3471 hoc
606 3415 644 3471 sit
665 3423 754 3472 tamen
776 3415 861 3488 magis
888 3414 1049 3471 humanum:
1080 3433 1232 3490 quanquam
1253 3433 1284 3473 ea
1306 3416 1421 3473 tta-tas.

71 3499 153 3555 lncant
175 3517 230 3556 non
253 3508 283 3556 ut
304 3499 415 3573 vulgus,
449 3500 496 3556 sed
519 3498 713 3557 venustissima.
758 3508 785 3556 et
807 3500 924 3562 lortasse
946 3509 974 3556 et
1004 3502 1056 3558 hoc
1083 3500 1267 3565 tolerandum,
1300 3501 1353 3556 nisi

71 3599 126 3639 non
150 3592 192 3639 tot
215 3585 297 3641 etiam
318 3584 387 3641 clam
410 3587 566 3658 stuprarent
588 3585 755 3646 iuvenculas.
789 3602 843 3642 uon
873 3592 925 3646 tot.
941 3586 1143 3643 committerent
1168 3586 1354 3642 ‘adulteriaet

70 3669 240 3725 incestasset
262 3668 420 3743 sacrilege..
457 3668 589 3744 Quicquid
612 3671 744 3744 optimum
765 3679 808 3730 eet
831 3671 857 3726 iu
880 3670 956 3732 loro,
981 3671 1008 3727 in
1023 3671 1151 3734 macello,
1174 3672 1226 3728 hoc
1241 3671 1293 3745 ipsi
1308 3671 1354 3727 de·

71 3763 181 3816 vorant,
204 3753 257 3810 hoc
280 3755 332 3828 ipsi
354 3754 534 3828 abliguriunt,
556 3754 680 3819 autnatta
703 3756 804 3812 renuis
827 3755 907 3812 etad
931 3755 997 3811 nilril
1018 3756 1101 3814 utiles
1116 3757 1169 3812 nisi
1184 3756 1216 3811 ad
1231 3754 1353 3811 helluan-

36 3838 143 3894 ndum.
189 3838 279 3912 Neque
301 3840 372 3896 enim
393 3839 554 3914 praedicant,
577 3857 625 3897 nec
640 3841 753 3904 docent,
776 3858 825 3897 nco
845 3841 983 3903 scritum.
1006 3858 1057 3898 nec
1076 3840 1240 3901 sacrificant,
1264 3844 1420 3912 nequet-⁸⁰-

71 3922 144 3979 huno
167 3922 260 3997 aliquo
282 3918 405 3998 exemplo
428 3925 596 3997 praecedunt.
623 3933 653 3980 ut
675 3926 809 3982 immerito
831 3926 888 3981 hac
909 3925 1008 3998 aliquis
1032 3924 1136 4003 inillis
1157 3923 1351 3985 calumnietur:

71 4016 99 4063 et
122 4025 205 4082 quum
237 4008 288 4082 ipsi
311 4009 379 4066 uilril
402 4010 499 4065 trorum
522 4010 633 4073 laniarat,
657 4027 744 4083 neque
767 4010 835 4066 alius
857 4010 968 4065 mittunt
990 4010 1018 4064 in
1040 4026 1155 4065 messem
1177 4008 1277 4063 domiai
1305 4009 1351 4080 qui

72 4103 235 4167 operantum
263 4102 291 4149 et
313 4094 336 4149 si
358 4112 422 4151 casu
445 4094 485 4149 vel
507 4095 615 4151 lortuna
639 4093 679 4150 vel
701 4094 822 4150 maximis
844 4093 969 4168 precibus
997 4093 1140 4150 asciverint
1166 4091 1283 4165 aliquem
1307 4093 1352 4166 qui

71 4194 134 4233 vere
155 4178 253 4233 doctus
275 4178 325 4240 sit,
348 4179 400 4234 nisi
423 4178 529 4252 palpet,
552 4180 603 4235 nisi
625 4179 657 4234 ad
680 4178 803 4252 plausum
826 4177 967 4251 loquatur,
998 4177 1049 4233 nisi
1071 4176 1236 4237 dissimulet,
1259 4177 1354 4233 couni-

39 4270 146 4323 uveat.
176 4271 203 4317 et
225 4262 277 4318 nisi
299 4281 413 4337 prorsus
439 4264 520 4320 etiam
548 4264 715 4324 consentiat.
744 4262 836 4319 statim
864 4262 1004 4324 delinitur„
1032 4269 1192 4318 execrantur
1218 4260 1291 4317 velut
1315 4262 1354 4318 in·

139 4444 334 4496 ⁸ldcclesiaot.
348 4446 424 4497 vt11.
437 4446 462 4497 ll.
475 4461 533 4510 sqq.
603 4443 624 4477 ¹⁰
648 4441 704 4511 inq3
720 4449 742 4494 1.
774 4445 923 4508 inqunrnt.
954 4444 1062 4508 iniquos
1076 4448 1102 4494 3.
1121 4441 1221 4507 (faho)
1240 4445 1354 4494 &terma

73 4546 123 4579 non
140 4532 224 4580 omnio
242 4537 299 4594 tpsa
316 4529 483 4581 Ecclesiaste
499 4529 576 4578 rerba
592 4535 650 4578 sunt
669 4545 725 4594 quw
740 4535 886 4594 sequuntur.
923 4525 944 4561 ¹⁴
960 4528 1066 4596 proptu]
1080 4528 1181 4579 Psslm.
1195 4530 1228 4578 X.
1242 4528 1267 4579 3.
1286 4533 1353 4592 (sear.

73 4614 171 4677 Hebr.)
241 4612 434 4680 1Ἶποίιιῑίιιὸ.
455 4612 551 4678 (pletis
571 4613 606 4673 1.)
676 4612 697 4645 ¹⁷
715 4618 864 4679 expectant
880 4614 939 4663 edd.
1002 4611 1023 4643 ¹¹
1043 4611 1179 4679 potentes]
1203 4612 1354 4678 Sapientiae

74 4698 159 4750 vet.
195 4697 217 4730 ²⁸
235 4697 320 4765 Caeci]
339 4699 509 4750 Mattiuxv.
526 4697 564 4748 ll.
600 4696 621 4730 '⁹
640 4698 783 4749 reditusd.
819 4697 841 4730 ³⁸
860 4697 964 4762 Cresijs
983 4699 1039 4746 1.2.
1080 4695 1135 4730 Μ
1153 4700 1353 4751 conniuetedd.
