3188 5422
254 400 356 434 oestuo
376 400 412 434 At)
431 400 573 434 CHRISTW
593 400 653 434 ΟΠ.
670 401 734 434 ΜΛΧ.
755 400 808 433 PRO
829 400 903 434 tvnto
918 401 949 435 11.
968 399 1072 435 Ltovttt
1092 400 1116 432 Ρ.
1130 400 1158 436 Μ,
1279 370 1353 441 463

690 466 700 482 .
1130 471 1133 475 .

61 574 135 613 nem.
178 555 276 613 Procul
299 555 370 612 bunc
394 557 514 612 furorem
536 564 639 613 avertat
663 565 708 613 tua
730 556 916 612 misericordia
938 555 971 611 ab
993 556 1082 611 animo
1106 557 1236 629 pastoris,
1266 567 1297 613 ut
1319 558 1354 613 ob
1416 560 1421 567 ‘

60 642 226 697 mundanam
247 641 393 702 ditionem,
416 642 501 713 quam*
518 657 572 696 non
595 642 673 715 pauci
696 639 813 714 gentiles
836 639 919 713 paulo
939 640 1108 696 cordatiores
1130 639 1171 696 vel
1193 642 1354 714 refugerunt

60 724 112 780 rel,
128 727 327 801 deposuerunt,
352 732 414 780 tuus
435 725 560 782 sicarius·
575 727 664 781 omnia
687 725 776 786 bello,
799 724 945 796 sanguine,
968 725 1041 780 casale
1063 724 1237 797 permisceat,
1262 728 1353 799 utqui

62 816 113 864 tuo
136 808 259 882 exemplo
282 811 355 883 pacis
378 801 467 864 omine
490 809 589 865 salutat
612 828 648 884 pp
669 808 761 871 ulum,
797 809 985 881 ipsciaxsit
1013 807 1092 870 belli,
1125 817 1152 864 et
1185 810 1261 864 cuius
1295 818 1354 867 erat

37 893 235 949 sChristiauos
256 893 393 967 principes
416 892 485 949 bella
508 895 581 951 torte
603 827 748 949 mobentes
770 893 917 949 autoritate
940 911 988 948 sua
1010 910 1197 965 compescere,
1222 894 1244 949 is
1267 895 1353 952 nutis

61 977 191 1033 omuibus
212 985 328 1034 conetur
350 977 491 1034 universos
515 978 659 1034 Christiani
681 977 799 1033 nominis
821 977 958 1051 principos
973 977 1006 1032 ad
1021 977 1280 1050 periculosissimum
1298 978 1353 1055 bel·

61 1061 121 1117 lum
144 1078 199 1117 nou
221 1064 336 1118 oscitare
359 1063 456 1125 modo,
480 1080 571 1119 verum
595 1064 677 1119 etiam
697 1061 805 1135 eogere.
848 1060 957 1135 Alioqui
980 1061 1004 1116 si
1027 1061 1088 1134 quis
1111 1070 1211 1134 praeter
1226 1061 1289 1117 vitia
1305 1063 1422 1122 lto-§.tn
1471 1091 1472 1097 ι

61 1147 116 1201 stis
139 1154 181 1202 est
203 1145 338 1207 ecclesias,
374 1146 434 1219 quis
464 1164 533 1220 rogo
562 1147 743 1221 perniciosior
770 1146 858 1201 bostis
888 1163 968 1219 quam
994 1146 1117 1218 pontifex
1144 1145 1259 1218 impius?
1279 1161 1354 1220 :quis

61 1230 214 1287 Sulthanus
237 1239 341 1287 tanturn
363 1231 464 1304 stragis
487 1232 570 1287 insert
593 1231 686 1293 oribus
708 1232 778 1291 tuis,
808 1239 938 1303 quantum
960 1239 1055 1304 pastor
1078 1230 1132 1285 tuis
1155 1239 1266 1285 ornatus
1290 1232 1354 1287 titu-

27 1315 116 1377 robs,
137 1323 267 1372 ceterum
290 1315 376 1371 modis
400 1315 524 1371 omnibus
546 1316 640 1390 lupum
663 1315 764 1388 agens?
793 1315 848 1370 bno
878 1314 938 1387 quis
966 1331 1043 1386 aeque
1066 1313 1197 1392 pestilens
1219 1315 1355 1371 Antichri-

60 1410 124 1471 stus
147 1417 226 1473 quam
249 1417 369 1454 summus
391 1399 512 1456 eeclesiae
535 1400 678 1474 princeps,
701 1399 747 1472 qui
763 1399 803 1454 tui
819 1392 936 1455 nominis
951 1399 1098 1454 autoritate
1120 1398 1258 1460 sublimis,
1280 1400 1353 1455 Petri

61 1503 94 1540 ac
117 1484 193 1546 Pauli
217 1483 303 1539 titulis
325 1485 543 1547 commendatus,
574 1485 627 1540 tuis
649 1486 794 1542 ilecoratus
817 1482 983 1556 insignibus,
1018 1483 1071 1539 tuis
1094 1491 1214 1538 armatus
1236 1483 1352 1557 legibus,

62 1569 192 1625 omnibus
215 1569 257 1623 his
279 1568 402 1624 abutitur
423 1569 456 1625 ad
478 1587 508 1625 ea
531 1587 592 1642 quae
616 1569 665 1625 tibi
688 1577 791 1642 tuoque
813 1568 921 1641 spiritui
945 1575 1009 1622 sunt
1032 1567 1150 1630 inimica,
1173 1568 1275 1623 et‘sub
1290 1586 1353 1642 pro·

62 1654 179 1710 tectoria
202 1670 317 1726 persona
340 1651 532 1726 populatorem
553 1654 624 1726 agit,
658 1661 688 1710 ut
711 1653 748 1709 ibi
771 1661 882 1708 vocetur
910 1651 1038 1714 ecclesia,
1068 1651 1114 1706 ubi
1143 1670 1281 1726 synagoga
1311 1661 1353 1708 est

27 1738 187 1800 isSatanar,
215 1738 249 1792 ibi
272 1738 395 1792 Christus
418 1739 618 1811 praetendatur,
648 1737 693 1793 ubi
717 1737 784 1792 nibil
807 1737 858 1792 nisi
881 1753 961 1797 caro,
989 1743 1075 1808 utque
1103 1753 1201 1793 nomen
1230 1736 1351 1792 haeretici

62 1824 92 1879 ira
115 1840 166 1878 cos
186 1822 357 1896 potissimum
379 1822 589 1896 detorqueatur,
620 1823 665 1895 qui
696 1839 763 1895 pure
793 1822 957 1894 fortiterque
986 1819 1069 1881 velint
1097 1838 1157 1876 esse
1184 1820 1351 1877 Christiani?

62 1907 178 1974 Quaeso,
199 1906 224 1961 si
247 1906 447 1980 serpensille,
465 1915 541 1963 vetus
563 1907 651 1963 bostis
674 1917 799 1969 tuorum«,
828 1906 854 1961 id
882 1905 946 1961 velit
968 1905 1121 1964 extinctum·
1139 1905 1211 1978 qrrod
1234 1913 1264 1961 tu
1285 1913 1420 1962 eon-tur.

61 1992 171 2052 didisti.
205 2008 284 2065 quem
312 1991 467 2048 ministrum
496 1999 591 2066 optare
620 1992 708 2066 possit
735 1992 767 2047 ad
797 1991 853 2047 baro
880 1987 967 2063 map'gis
990 1989 1114 2045 idoneum
1138 2007 1218 2063 quarn
1241 1991 1353 2045 eum-in

63 2094 121 2149 quo
144 2093 249 2138 summa
269 2077 406 2132 autoritas
424 2094 485 2133 cum
508 2094 614 2132 summe
635 2076 787 2149 impietate,
816 2076 920 2131 Christi
948 2075 1075 2130 maiestas
1103 2091 1164 2130 cum
1187 2074 1239 2129 rita
1261 2074 1364 2131 diamo-⁴

25 2161 118 2220 eolica
140 2161 177 2227 sil
198 2159 347 2234 copulata,
361 2170 392 2216 ut
415 2168 517 2218 terrere
540 2162 628 2235 possit
652 2160 785 2221 infirmos,
810 2158 904 2218 tallere
926 2158 1075 2233 simplices,
1101 2174 1277 2232 eorrumpere
1299 2177 1354 2214 me·

61 2247 186 2308 «liceras,
210 2245 341 2319 improbis
356 2245 449 2302 abuti?
470 2245 607 2308 Exonera,
630 2245 703 2307 lesu,
727 2244 822 2300 lulium
840 2236 892 2301 iam
909 2244 1086 2300 intolerandis
1101 2244 1278 2316 negociorum
1298 2261 1355 2299 sar·

62 2331 148 2392 cinis,
182 2329 280 2402 quibus
303 2330 384 2386 bomo
408 2347 463 2387 non
487 2338 567 2387 aelate
591 2338 709 2391 tantum,
743 2330 936 2395 verumetiam
965 2329 1045 2384 variis
1072 2329 1175 2384 morbis
1192 2345 1286 2384 ¹,senen
1315 2329 1355 2383 in·

62 2416 147 2487 digne
169 2414 315 2487 premitur,
340 2414 537 2489 utaliquando
560 2433 609 2488 per
632 2415 779 2472 mundanas
803 2415 995 2488 occupationes
1023 2423 1097 2470 vacet
1121 2413 1220 2471 intueri
1243 2430 1354 2488 scopum

64 2517 146 2572 qrrem
170 2507 200 2554 tu
221 2498 327 2554 vicariis
351 2499 404 2555 tuis
427 2501 611 2573 proposuisti.
635 2499 759 2557 videlicet
787 2499 854 2554 nihil
882 2499 952 2562 aliud
982 2515 1042 2555 esse
1071 2499 1245 2572 spectando·
1275 2516 1354 2571 quam

29 2605 55 2643 aa
64 2593 96 2639 ut
118 2581 334 2656 quamplurimos
355 2582 426 2640 lilios
450 2592 476 2639 te
497 2585 596 2657 dignos
620 2584 668 2639 tibi
692 2585 801 2640 reddat:
830 2598 928 2656 negas
942 2590 1032 2639 autem
1056 2591 1082 2638 te
1104 2583 1203 2655 dignos
1225 2584 1271 2656 qui
1294 2601 1355 2656 gra·

64 2676 163 2725 rantur
184 2685 290 2724 crucem
315 2676 386 2724 tuam
408 2667 520 2732 tollere;
554 2687 638 2742 porro
665 2686 772 2726 cruceni
801 2667 898 2725 tollere
928 2668 992 2741 quid
1020 2665 1092 2723 aliud
1119 2677 1162 2723 est
1184 2685 1264 2740 quarn
1286 2667 1353 2722 nibil

65 2753 92 2809 in
115 2753 168 2809 hoc
192 2753 292 2808 mundo
314 2752 356 2808 vel
378 2753 531 2811 arnare'vel
553 2754 762 2827 concupiscere?
794 2756 828 2808 tt
849 2754 920 2809 hunc
942 2753 1033 2825 itaque
1056 2769 1168 2825 scopum
1191 2753 1232 2807 lac
1245 2761 1291 2823 ,ut
1312 2752 1423 2812 lu·§.rs.

64 2837 118 2893 lius
144 2846 206 2893 tuus
229 2851 323 2893 omnes
346 2855 410 2905 suos
432 2846 561 2900 conatus,
585 2839 674 2894 omnia
697 2838 800 2899 studia,
825 2854 918 2893 omnes
941 2836 1031 2909 leges,
1061 2853 1167 2891 ornnem
1190 2844 1353 2908 potestatem

64 2923 183 2982 referat,
219 2939 273 2977 nou
301 2922 333 2977 ad
361 2940 392 2978 ea
421 2940 487 2996 quae,
505 2931 567 2978 tuus
589 2924 702 2996 spiritus
726 2921 904 2978 abominatur.
949 2938 999 2976 nec
1028 2938 1061 2976 eo
1086 2928 1212 2993 torqueat
1234 2921 1355 2975 rmneris

33 3008 258 3068 mautoritatem.
288 2998 318 3062 ut
340 3007 469 3080 quioquid
491 3007 588 3069 libeat,
618 3008 643 3063 id
666 3007 712 3063 uni
734 3006 814 3063 liceat
836 3006 959 3080 impune,
988 3004 1035 3060 sod
1064 3005 1109 3077 qui
1133 3003 1258 3064 omnibus
1275 3004 1356 3076 ¹leges

64 3091 233 3165 praescrihit,
256 3090 316 3146 cius
337 3093 389 3147 vim
412 3091 504 3165 legum
526 3093 563 3148 sit
579 3091 728 3166 exemplar.
772 3109 821 3148 nce
849 3093 887 3146 ita
914 3106 975 3145 sese
1004 3097 1081 3162 paret
1102 3089 1176 3144 Petri
1205 3105 1355 3150 successor.

64 3186 95 3233 ut
117 3177 147 3232 in
169 3175 236 3234 solis
259 3175 353 3237 minis,
376 3177 458 3231 aruris
480 3185 507 3232 et
530 3176 667 3250 hypocrisi
690 3177 848 3250 apostolicae
875 3175 1015 3248 dignitatis
1044 3174 1201 3247 praesidium
1229 3172 1355 3234 collocet,

64 3269 151 3334 utque
174 3259 293 3333 optimos
316 3277 440 3334 quosque
463 3261 604 3334 religionis
626 3262 762 3317 antistites
784 3261 897 3316 maxime
920 3267 1062 3333 suspectos
1085 3259 1183 3315 haheat
1209 3276 1240 3315 ac
1262 3259 1355 3315 fornu-

62 3347 124 3407 del,
148 3352 177 3401 ct
199 3344 270 3418 apud
292 3344 368 3400 solos
391 3361 439 3400 eos
461 3346 610 3401 veneranda
633 3347 669 3400 sit
692 3346 827 3420 pontilicis
850 3345 997 3406 autoritas,
1022 3345 1067 3417 qui
1091 3345 1163 3417 quod
1185 3343 1275 3399 absint
1297 3343 1355 3399 lon·

34 3431 144 3503 argius,
177 3427 313 3503 pontilicis
335 3430 415 3485 vitam
439 3431 575 3503 ignorant.
618 3430 670 3486 Fac
699 3439 729 3486 ut
752 3431 856 3488 etiamsi
879 3447 929 3504 per
951 3430 1051 3485 ostium
1075 3446 1129 3483 nou
1152 3428 1188 3483 sit
1211 3429 1424 3502 ingressus§.tt.

65 3515 92 3570 in
116 3512 202 3575 ovile,
237 3513 260 3567 si
284 3531 333 3586 per
354 3514 450 3587 impias
472 3523 544 3570 artes
567 3514 622 3570 irre
643 3515 692 3578 sit,
726 3533 759 3571 ne
783 3516 870 3571 lraudi
893 3516 929 3570 sit
952 3523 1000 3570 tuo
1023 3514 1114 3587 gregi,
1149 3514 1195 3569 scd
1227 3523 1272 3570 lua
1304 3516 1355 3570 iam

64 3599 167 3654 virtute
185 3590 347 3653 'immutatus
370 3599 477 3654 Petrum
501 3598 576 3654 illum
605 3534 695 3662 ditm,
729 3601 806 3657 euius
835 3599 916 3657 titulo
946 3598 1096 3673 gloriatur,
1132 3598 1207 3654 malit
1236 3600 1356 3656 aemulari

64 3701 148 3758 quam
170 3682 308 3738 ethnicum
331 3681 406 3738 illurn
428 3683 539 3745 lulium,
563 3684 640 3739 euius
663 3685 750 3740 solum
774 3687 894 3741 tenuisse
917 3702 1015 3740 nomen
1039 3684 1143 3739 abunde
1166 3684 1232 3740 satis
1255 3686 1303 3746 sit,
1327 3693 1357 3740 ut

3 3778 6 3782 ’
64 3786 99 3824 ne
122 3767 205 3822 vitam
227 3783 336 3839 quoque
359 3767 462 3824 referre
484 3767 579 3830 libeat:
614 3769 672 3824 eius
699 3770 825 3826 nimirum
855 3770 900 3844 qui
929 3769 1001 3825 omui
1024 3768 1166 3825 libidinum
1189 3769 1357 3842 turpitudine

28 3852 282 3929 incontaminatus,
314 3850 458 3907 insatiabili
481 3854 594 3926 pecunia
616 3854 720 3927 paritor
741 3864 768 3911 et
790 3855 885 3928 gltrriac
907 3855 952 3910 siti
976 3873 989 3910 a
1013 3853 1088 3910 nullo
1117 3854 1236 3909 facinore
1265 3854 1358 3908 immu-

64 3939 109 3992 nis
132 3935 332 3992 insanissimam
354 3936 513 3993 dominandi
533 3937 670 3993 libidinem
693 3939 902 3996 immittentibus
925 3939 1017 3999 l’uriis,
1041 3947 1181 4012 postremo
1204 3955 1252 3992 nec
1267 3945 1357 3992 mente

64 4021 134 4077 satis
156 4026 299 4092 constans,
323 4021 415 4076 orbem
440 4028 573 4078 terrarum
596 4021 675 4077 bellis
697 4024 936 4097 perniciosissimis
963 4023 1112 4083 commisit,
1142 4039 1216 4077 sacra
1239 4022 1357 4095 propha-

64 4123 156 4179 naque
178 4105 267 4160 omnia
289 4105 425 4167 confudit.
449 4123 536 4180 eoque
558 4108 694 4180 processit
716 4109 840 4169 insaniae.
864 4117 894 4163 ut
916 4107 1011 4179 optimi
1034 4107 1105 4161 cives
1127 4106 1182 4160 sint
1204 4106 1288 4161 habiti
1309 4105 1355 4179 qni

65 4190 143 4246 illum
167 4207 182 4245 e
205 4189 293 4245 medio
316 4188 487 4246 sustulerunt
516 4199 546 4247 ul
572 4191 709 4266 publicam
738 4193 846 4248 humani
870 4190 979 4264 generis
1009 4198 1121 4263 pestem.
1166 4190 1243 4245 Absit
1272 4191 1355 4264 igitur
1366 4197 1427 4246 §.rs

64 4301 275 4315 ———

134 4374 317 4426 3ιιεῐιιιιεθ.
370 4371 433 4422 ⁴ne
453 4373 549 4439 ipsed.
614 4371 756 4423 tantun
810 4388 844 4422 ne
864 4374 887 4422 is
899 4376 922 4421 6.
970 4370 991 4403 ¹⁰
1009 4373 1094 4421 Immo
1108 4375 1131 4421 6.
1196 4372 1357 4424 Πιὀιιιεΰ.

65 4458 110 4509 Ci.
123 4456 239 4522 Apocsl.
253 4457 317 4507 x11.
329 4456 355 4506 ll.
425 4455 448 4488 ²³
466 4460 572 4522 llvang.
587 4473 644 4507 sec.
657 4456 755 4506 Mattb.
770 4457 803 4505 X.
817 4455 859 4506 38.
878 4457 951 4506 xvt.
965 4457 1007 4505 et.
1033 4457 1264 4508 ttar0.Vttt.3=t.
1288 4461 1356 4509 Luc.

67 4542 170 4594 IMR.
235 4539 407 4606 ”quidcpd
472 4541 491 4573 ⁸¹
511 4542 683 4606 praescripsit
695 4544 719 4590 d.
784 4539 882 4590 ³⁵Foc
902 4542 1000 4603 etiem,
1021 4547 1063 4601 nt,
1084 4542 1144 4589 sid.
1208 4525 1386 4607 §.did-De.

66 4629 180 4678 Cu‘snre
193 4626 265 4676 Iulio
283 4631 340 4675 tum
353 4626 412 4675 fere
425 4642 569 4691 perperam
583 4626 706 4675 irulicnre
719 4625 846 4675 solebant
859 4625 943 4674 elium
962 4626 1009 4690 qui
1021 4625 1093 4677 Iulio
1111 4625 1236 4690 pontifici
1257 4628 1359 4678 infensi

66 4694 121 4762 tion
140 4716 229 4761 erant.
281 4708 304 4740 ⁴³
322 4710 432 4759 insanio
450 4712 472 4758 6.
