<?xml version="1.0" encoding="UTF-8"?>
<!DOCTYPE html PUBLIC "-//W3C//DTD XHTML 1.0 Transitional//EN"
    "http://www.w3.org/TR/xhtml1/DTD/xhtml1-transitional.dtd">
<html xmlns="http://www.w3.org/1999/xhtml" xml:lang="en" lang="en">
 <head>
  <title>
</title>
<meta http-equiv="Content-Type" content="text/html;charset=utf-8" />
  <meta name='ocr-system' content='tesseract 3.04.00' />
  <meta name='ocr-capabilities' content='ocr_page ocr_carea ocr_par ocr_line ocrx_word'/>
</head>
<body>
  <div class='ocr_page' id='page_1' title='image "./ulrichihuttenie05huttgoog/ulrichihuttenie05huttgoog_0414.png"; bbox 0 0 3188 5422; ppageno 0'>
   <div class='ocr_carea' id='block_1_1' title="bbox 454 996 936 1127">
    <p class='ocr_par' dir='ltr' id='par_1_1' title="bbox 454 996 936 1127">
     <span class='ocr_line' id='line_1_1' title="bbox 454 996 936 1127; baseline -0.004 -1"><span class='ocrx_word' id='word_1_1' title='bbox 454 996 673 1127; x_wconf 72' lang='lat' dir='ltr'><strong>rumore</strong></span> <span class='ocrx_word' id='word_1_2' title='bbox 699 1052 936 1127; x_wconf 75' lang='lat' dir='ltr'><strong>evermo</strong></span> 
     </span>
    </p>
   </div>
   <div class='ocr_carea' id='block_1_2' title="bbox 347 1189 1145 1391">
    <p class='ocr_par' dir='ltr' id='par_1_2' title="bbox 347 1189 1145 1397">
     <span class='ocr_line' id='line_1_2' title="bbox 522 1189 870 1251; baseline -0.006 -12"><span class='ocrx_word' id='word_1_3' title='bbox 522 1190 669 1251; x_wconf 78' lang='lat' dir='ltr'>EQVITIS</span> <span class='ocrx_word' id='word_1_4' title='bbox 705 1189 870 1238; x_wconf 76' lang='lat' dir='ltr'><strong>GERMANI</strong></span> 
     </span>
     <span class='ocr_line' id='line_1_3' title="bbox 347 1276 1145 1391; baseline 0.001 -28"><span class='ocrx_word' id='word_1_5' title='bbox 347 1293 379 1363; x_wconf 86' lang='lat' dir='ltr'><strong>A</strong></span> <span class='ocrx_word' id='word_1_6' title='bbox 444 1291 669 1365; x_wconf 17' lang='lat' dir='ltr'><strong>einr</strong></span> <span class='ocrx_word' id='word_1_7' title='bbox 733 1292 768 1366; x_wconf 83' lang='lat' dir='ltr'>N</span> <span class='ocrx_word' id='word_1_8' title='bbox 834 1276 954 1391; x_wconf 80' lang='lat' dir='ltr'><strong>rr</strong></span> <span class='ocrx_word' id='word_1_9' title='bbox 1023 1289 1048 1364; x_wconf 87' lang='lat' dir='ltr'><strong>s</strong></span> <span class='ocrx_word' id='word_1_10' title='bbox 1143 1314 1145 1317; x_wconf 27' lang='lat' dir='ltr'>v</span> 
     </span>
    </p>
   </div>
   <div class='ocr_carea' id='block_1_3' title="bbox 437 1428 793 1483">
    <p class='ocr_par' dir='ltr' id='par_1_3' title="bbox 437 1428 793 1483">
     <span class='ocr_line' id='line_1_4' title="bbox 437 1428 793 1483; baseline -0.006 -5"><span class='ocrx_word' id='word_1_11' title='bbox 437 1434 441 1443; x_wconf 92' lang='lat'>&#39;</span> <span class='ocrx_word' id='word_1_12' title='bbox 536 1478 538 1483; x_wconf 70' lang='grc'><strong><em>,</em></strong></span> <span class='ocrx_word' id='word_1_13' title='bbox 600 1428 793 1480; x_wconf 80' lang='lat' dir='ltr'><strong>DIALOGVS.</strong></span> 
     </span>
    </p>
   </div>
   <div class='ocr_carea' id='block_1_4' title="bbox 5 1631 1325 1805">
    <p class='ocr_par' dir='ltr' id='par_1_4' title="bbox 5 1631 1325 1805">
     <span class='ocr_line' id='line_1_5' title="bbox 5 1631 1325 1693; baseline 0.008 -19"><span class='ocrx_word' id='word_1_14' title='bbox 5 1643 24 1677; x_wconf 83' lang='lat'><strong>:.</strong></span> <span class='ocrx_word' id='word_1_15' title='bbox 60 1631 425 1692; x_wconf 74' lang='lat' dir='ltr'><strong>rrrnnnoqvvrouns</strong></span> <span class='ocrx_word' id='word_1_16' title='bbox 460 1632 805 1691; x_wconf 72' lang='lat' dir='ltr'><strong>neonnrrsumos,</strong></span> <span class='ocrx_word' id='word_1_17' title='bbox 838 1631 1061 1692; x_wconf 67' lang='lat' dir='ltr'><strong>oratorumve,</strong></span> <span class='ocrx_word' id='word_1_18' title='bbox 1092 1631 1325 1693; x_wconf 65' lang='lat' dir='ltr'><strong>tennemonn,</strong></span> 
     </span>
     <span class='ocr_line' id='line_1_6' title="bbox 303 1702 1125 1805; baseline -0.001 -23"><span class='ocrx_word' id='word_1_19' title='bbox 303 1733 435 1795; x_wconf 75' lang='lat' dir='ltr'><strong>sonno,</strong></span> <span class='ocrx_word' id='word_1_20' title='bbox 467 1702 668 1795; x_wconf 73' lang='lat' dir='ltr'><strong>nunninae,</strong></span> <span class='ocrx_word' id='word_1_21' title='bbox 700 1733 905 1783; x_wconf 76' lang='lat' dir='ltr'><strong>conuenire</strong></span> <span class='ocrx_word' id='word_1_22' title='bbox 924 1732 1125 1805; x_wconf 53' lang='lat' dir='ltr'><strong>enorme„</strong></span> 
     </span>
    </p>
   </div>
   <div class='ocr_carea' id='block_1_5' title="bbox 4 1873 1464 4401">
    <p class='ocr_par' dir='ltr' id='par_1_5' title="bbox 4 1873 1464 4401">
     <span class='ocr_line' id='line_1_7' title="bbox 111 1873 1403 1963; baseline 0.001 -18"><span class='ocrx_word' id='word_1_23' title='bbox 111 1904 272 1946; x_wconf 74' lang='lat' dir='ltr'><strong>nnurmvs.</strong></span> <span class='ocrx_word' id='word_1_24' title='bbox 310 1885 372 1945; x_wconf 89' lang='lat' dir='ltr'><strong>lloe</strong></span> <span class='ocrx_word' id='word_1_25' title='bbox 393 1885 512 1946; x_wconf 86' lang='lat' dir='ltr'><strong>tandem</strong></span> <span class='ocrx_word' id='word_1_26' title='bbox 536 1887 668 1963; x_wconf 88' lang='lat' dir='ltr'><strong>iniquum</strong></span> <span class='ocrx_word' id='word_1_27' title='bbox 693 1892 751 1955; x_wconf 89' lang='lat' dir='ltr'><strong>est,</strong></span> <span class='ocrx_word' id='word_1_28' title='bbox 774 1905 792 1945; x_wconf 98' lang='lat' dir='ltr'><strong>o</strong></span> <span class='ocrx_word' id='word_1_29' title='bbox 815 1884 924 1954; x_wconf 86' lang='lat' dir='ltr'><strong>lllinos,</strong></span> <span class='ocrx_word' id='word_1_30' title='bbox 948 1880 1102 1953; x_wconf 83' lang='lat' dir='ltr'><strong>iudiciuin,</strong></span> <span class='ocrx_word' id='word_1_31' title='bbox 1126 1887 1151 1945; x_wconf 90' lang='lat' dir='ltr'><strong>si</strong></span> <span class='ocrx_word' id='word_1_32' title='bbox 1170 1882 1227 1945; x_wconf 89' lang='lat' dir='ltr'><strong>luit</strong></span> <span class='ocrx_word' id='word_1_33' title='bbox 1250 1873 1341 1950; x_wconf 89' lang='lat' dir='ltr'><strong>ullum</strong></span> <span class='ocrx_word' id='word_1_34' title='bbox 1358 1898 1403 1946; x_wconf 70' lang='lat'><strong>§.¹-</strong></span> 
     </span>
     <span class='ocr_line' id='line_1_8' title="bbox 41 1994 1268 2067; baseline -0.004 -20"><span class='ocrx_word' id='word_1_35' title='bbox 41 2005 179 2065; x_wconf 84' lang='lat' dir='ltr'><strong>nnquam</strong></span> <span class='ocrx_word' id='word_1_36' title='bbox 202 1994 294 2047; x_wconf 90' lang='lat' dir='ltr'><strong>tuum.</strong></span> <span class='ocrx_word' id='word_1_37' title='bbox 1263 2055 1268 2067; x_wconf 27' lang='grc' dir='ltr'>ι</span> 
     </span>
     <span class='ocr_line' id='line_1_9' title="bbox 111 2087 1342 2167; baseline 0.002 -20"><span class='ocrx_word' id='word_1_38' title='bbox 111 2107 220 2149; x_wconf 77' lang='lat' dir='ltr'><strong>uiuos.</strong></span> <span class='ocrx_word' id='word_1_39' title='bbox 262 2087 344 2148; x_wconf 77' lang='lat' dir='ltr'><strong>llona</strong></span> <span class='ocrx_word' id='word_1_40' title='bbox 368 2089 456 2149; x_wconf 88' lang='lat' dir='ltr'><strong>verba</strong></span> <span class='ocrx_word' id='word_1_41' title='bbox 480 2106 595 2167; x_wconf 65' lang='lat' dir='ltr'><strong>quaeso,</strong></span> <span class='ocrx_word' id='word_1_42' title='bbox 618 2089 745 2149; x_wconf 80' lang='lat' dir='ltr'><strong>Armini:</strong></span> <span class='ocrx_word' id='word_1_43' title='bbox 769 2107 837 2149; x_wconf 92' lang='lat' dir='ltr'><strong>nam</strong></span> <span class='ocrx_word' id='word_1_44' title='bbox 861 2107 926 2166; x_wconf 74' lang='lat' dir='ltr'><strong>quae</strong></span> <span class='ocrx_word' id='word_1_45' title='bbox 950 2088 1012 2150; x_wconf 85' lang='lat' dir='ltr'><strong>lraeo</strong></span> <span class='ocrx_word' id='word_1_46' title='bbox 1034 2107 1109 2148; x_wconf 87' lang='lat' dir='ltr'><strong>nora</strong></span> <span class='ocrx_word' id='word_1_47' title='bbox 1132 2096 1176 2148; x_wconf 88' lang='lat' dir='ltr'><strong>est</strong></span> <span class='ocrx_word' id='word_1_48' title='bbox 1197 2087 1342 2150; x_wconf 84' lang='lat' dir='ltr'><strong>columnia</strong></span> 
     </span>
     <span class='ocr_line' id='line_1_10' title="bbox 4 2188 1342 2267; baseline 0.004 -19"><span class='ocrx_word' id='word_1_49' title='bbox 4 2202 25 2240; x_wconf 75' lang='grc' dir='ltr'><strong>υ</strong></span> <span class='ocrx_word' id='word_1_50' title='bbox 45 2188 209 2267; x_wconf 84' lang='lat' dir='ltr'><strong>quicquam</strong></span> <span class='ocrx_word' id='word_1_51' title='bbox 233 2191 420 2250; x_wconf 86' lang='lat' dir='ltr'><strong>iustissimum</strong></span> <span class='ocrx_word' id='word_1_52' title='bbox 444 2191 550 2251; x_wconf 86' lang='lat' dir='ltr'><strong>iniuste</strong></span> <span class='ocrx_word' id='word_1_53' title='bbox 571 2189 697 2251; x_wconf 79' lang='lat' dir='ltr'>Minoem</span> <span class='ocrx_word' id='word_1_54' title='bbox 721 2191 874 2251; x_wconf 79' lang='lat' dir='ltr'><strong>statuisse?</strong></span> <span class='ocrx_word' id='word_1_55' title='bbox 905 2189 984 2267; x_wconf 90' lang='lat' dir='ltr'><strong>quod</strong></span> <span class='ocrx_word' id='word_1_56' title='bbox 1016 2189 1087 2250; x_wconf 88' lang='lat' dir='ltr'><strong>illud</strong></span> <span class='ocrx_word' id='word_1_57' title='bbox 1111 2200 1181 2250; x_wconf 84' lang='lat' dir='ltr'><strong>vero</strong></span> <span class='ocrx_word' id='word_1_58' title='bbox 1205 2198 1248 2251; x_wconf 90' lang='lat' dir='ltr'><strong>est</strong></span> <span class='ocrx_word' id='word_1_59' title='bbox 1270 2192 1342 2253; x_wconf 93' lang='lat' dir='ltr'><strong>iudi·</strong></span> 
     </span>
     <span class='ocr_line' id='line_1_11' title="bbox 43 2291 1305 2368; baseline 0.002 -17"><span class='ocrx_word' id='word_1_60' title='bbox 43 2291 148 2351; x_wconf 75' lang='lat' dir='ltr'><strong>cium?</strong></span> <span class='ocrx_word' id='word_1_61' title='bbox 171 2291 217 2351; x_wconf 89' lang='lat' dir='ltr'><strong>dio</strong></span> <span class='ocrx_word' id='word_1_62' title='bbox 240 2291 374 2368; x_wconf 78' lang='lat' dir='ltr'>agedum.</span> <span class='ocrx_word' id='word_1_63' title='bbox 867 2303 869 2306; x_wconf 78' lang='grc'>’</span> <span class='ocrx_word' id='word_1_64' title='bbox 1300 2292 1305 2303; x_wconf 83' lang='grc'><strong>’</strong></span> 
     </span>
     <span class='ocr_line' id='line_1_12' title="bbox 113 2392 1341 2473; baseline 0.004 -21"><span class='ocrx_word' id='word_1_65' title='bbox 113 2412 273 2453; x_wconf 79' lang='lat' dir='ltr'><strong>nnurmvs.</strong></span> <span class='ocrx_word' id='word_1_66' title='bbox 311 2392 400 2453; x_wconf 84' lang='lat' dir='ltr'><strong>Dabis</strong></span> <span class='ocrx_word' id='word_1_67' title='bbox 422 2393 497 2453; x_wconf 89' lang='lat' dir='ltr'><strong>hano</strong></span> <span class='ocrx_word' id='word_1_68' title='bbox 519 2396 590 2454; x_wconf 88' lang='lat' dir='ltr'><strong>milri</strong></span> <span class='ocrx_word' id='word_1_69' title='bbox 607 2392 719 2467; x_wconf 84' lang='lat' dir='ltr'><strong>reniam</strong></span> <span class='ocrx_word' id='word_1_70' title='bbox 736 2395 880 2473; x_wconf 80' lang='lat' dir='ltr'><strong>primum,</strong></span> <span class='ocrx_word' id='word_1_71' title='bbox 904 2395 928 2454; x_wconf 92' lang='lat' dir='ltr'><strong>si</strong></span> <span class='ocrx_word' id='word_1_72' title='bbox 943 2400 972 2454; x_wconf 86' lang='lat' dir='ltr'><strong>te</strong></span> <span class='ocrx_word' id='word_1_73' title='bbox 988 2394 1238 2461; x_wconf 68' lang='lat' dir='ltr'><strong>offenditelioendi</strong></span> <span class='ocrx_word' id='word_1_74' title='bbox 1253 2395 1341 2457; x_wconf 87' lang='lat' dir='ltr'><strong>llber-</strong></span> 
     </span>
     <span class='ocr_line' id='line_1_13' title="bbox 44 2493 1436 2575; baseline 0.004 -22"><span class='ocrx_word' id='word_1_75' title='bbox 44 2502 92 2554; x_wconf 76' lang='lat' dir='ltr'><strong>tas</strong></span> <span class='ocrx_word' id='word_1_76' title='bbox 115 2510 196 2553; x_wconf 88' lang='lat' dir='ltr'><strong>mea:</strong></span> <span class='ocrx_word' id='word_1_77' title='bbox 220 2493 374 2555; x_wconf 86' lang='lat' dir='ltr'><strong>Germanis</strong></span> <span class='ocrx_word' id='word_1_78' title='bbox 397 2504 440 2555; x_wconf 88' lang='lat' dir='ltr'><strong>ost</strong></span> <span class='ocrx_word' id='word_1_79' title='bbox 462 2495 610 2573; x_wconf 84' lang='lat' dir='ltr'><strong>peculiare</strong></span> <span class='ocrx_word' id='word_1_80' title='bbox 633 2496 691 2555; x_wconf 88' lang='lat' dir='ltr'><strong>boo</strong></span> <span class='ocrx_word' id='word_1_81' title='bbox 713 2498 810 2556; x_wconf 86' lang='lat' dir='ltr'><strong>minus</strong></span> <span class='ocrx_word' id='word_1_82' title='bbox 833 2494 940 2556; x_wconf 83' lang='lat' dir='ltr'>blande</span> <span class='ocrx_word' id='word_1_83' title='bbox 962 2494 1056 2574; x_wconf 88' lang='lat' dir='ltr'><strong>loqui,</strong></span> <span class='ocrx_word' id='word_1_84' title='bbox 1092 2515 1159 2557; x_wconf 86' lang='lat' dir='ltr'><strong>oum</strong></span> <span class='ocrx_word' id='word_1_85' title='bbox 1182 2496 1343 2575; x_wconf 90' lang='lat' dir='ltr'><strong>loquuntur</strong></span> <span class='ocrx_word' id='word_1_86' title='bbox 1434 2520 1436 2522; x_wconf 84' lang='lat'>·</span> 
     </span>
     <span class='ocr_line' id='line_1_14' title="bbox 44 2595 1403 2676; baseline 0.004 -21"><span class='ocrx_word' id='word_1_87' title='bbox 44 2595 143 2658; x_wconf 90' lang='lat' dir='ltr'><strong>libere</strong></span> <span class='ocrx_word' id='word_1_88' title='bbox 166 2602 194 2656; x_wconf 88' lang='lat' dir='ltr'><strong>et</strong></span> <span class='ocrx_word' id='word_1_89' title='bbox 215 2597 309 2656; x_wconf 87' lang='lat' dir='ltr'><strong>serio:</strong></span> <span class='ocrx_word' id='word_1_90' title='bbox 334 2597 418 2674; x_wconf 88' lang='lat' dir='ltr'><strong>queri</strong></span> <span class='ocrx_word' id='word_1_91' title='bbox 441 2617 489 2669; x_wconf 89' lang='lat' dir='ltr'><strong>me</strong></span> <span class='ocrx_word' id='word_1_92' title='bbox 511 2614 580 2657; x_wconf 87' lang='lat' dir='ltr'><strong>vero</strong></span> <span class='ocrx_word' id='word_1_93' title='bbox 604 2597 702 2665; x_wconf 80' lang='lat' dir='ltr'><strong>deret,</strong></span> <span class='ocrx_word' id='word_1_94' title='bbox 732 2597 810 2676; x_wconf 89' lang='lat' dir='ltr'><strong>quod</strong></span> <span class='ocrx_word' id='word_1_95' title='bbox 834 2616 903 2657; x_wconf 83' lang='lat' dir='ltr'><strong>eum</strong></span> <span class='ocrx_word' id='word_1_96' title='bbox 926 2597 1069 2658; x_wconf 81' lang='lat' dir='ltr'><strong>honorem</strong></span> <span class='ocrx_word' id='word_1_97' title='bbox 1091 2597 1183 2658; x_wconf 88' lang='lat' dir='ltr'><strong>babes</strong></span> <span class='ocrx_word' id='word_1_98' title='bbox 1206 2607 1236 2659; x_wconf 85' lang='lat' dir='ltr'><strong>et</strong></span> <span class='ocrx_word' id='word_1_99' title='bbox 1256 2598 1342 2666; x_wconf 81' lang='lat' dir='ltr'><strong>veluti</strong></span> <span class='ocrx_word' id='word_1_100' title='bbox 1358 2613 1403 2663; x_wconf 71' lang='lat' dir='ltr'><strong>ut.</strong></span> 
     </span>
     <span class='ocr_line' id='line_1_15' title="bbox 4 2681 1344 2780; baseline 0.004 -24"><span class='ocrx_word' id='word_1_101' title='bbox 4 2712 29 2750; x_wconf 77' lang='lat'>⁵</span> <span class='ocrx_word' id='word_1_102' title='bbox 47 2699 172 2776; x_wconf 77' lang='lat' dir='ltr'><strong>praemia</strong></span> <span class='ocrx_word' id='word_1_103' title='bbox 195 2698 296 2758; x_wconf 86' lang='lat' dir='ltr'><strong>statuis</strong></span> <span class='ocrx_word' id='word_1_104' title='bbox 316 2696 549 2776; x_wconf 71' lang='lat' dir='ltr'><strong>imperatoribus</strong></span> <span class='ocrx_word' id='word_1_105' title='bbox 571 2699 620 2777; x_wconf 91' lang='lat' dir='ltr'><strong>qui</strong></span> <span class='ocrx_word' id='word_1_106' title='bbox 643 2697 753 2776; x_wconf 89' lang='lat' dir='ltr'><strong>ubique</strong></span> <span class='ocrx_word' id='word_1_107' title='bbox 776 2681 896 2759; x_wconf 75' lang='lat' dir='ltr'><strong>luerunt</strong></span> <span class='ocrx_word' id='word_1_108' title='bbox 918 2700 1048 2776; x_wconf 67' lang='lat' dir='ltr'><strong>optimu,</strong></span> <span class='ocrx_word' id='word_1_109' title='bbox 1073 2701 1168 2778; x_wconf 90' lang='lat' dir='ltr'><strong>ipsum</strong></span> <span class='ocrx_word' id='word_1_110' title='bbox 1192 2719 1239 2760; x_wconf 88' lang='lat' dir='ltr'><strong>me</strong></span> <span class='ocrx_word' id='word_1_111' title='bbox 1261 2705 1344 2780; x_wconf 88' lang='lat' dir='ltr'><strong>quasi</strong></span> 
     </span>
     <span class='ocr_line' id='line_1_16' title="bbox 47 2800 1343 2880; baseline 0.002 -21"><span class='ocrx_word' id='word_1_112' title='bbox 47 2802 99 2880; x_wconf 91' lang='lat' dir='ltr'><strong>qui</strong></span> <span class='ocrx_word' id='word_1_113' title='bbox 123 2818 182 2859; x_wconf 90' lang='lat' dir='ltr'><strong>non</strong></span> <span class='ocrx_word' id='word_1_114' title='bbox 207 2801 326 2860; x_wconf 78' lang='lat' dir='ltr'><strong>vixerim</strong></span> <span class='ocrx_word' id='word_1_115' title='bbox 350 2800 392 2859; x_wconf 86' lang='lat' dir='ltr'><strong>sie</strong></span> <span class='ocrx_word' id='word_1_116' title='bbox 415 2801 565 2878; x_wconf 70' lang='lat' dir='ltr'><strong>praeteris;</strong></span> <span class='ocrx_word' id='word_1_117' title='bbox 595 2800 768 2878; x_wconf 85' lang='lat' dir='ltr'><strong>iampridem</strong></span> <span class='ocrx_word' id='word_1_118' title='bbox 793 2800 870 2860; x_wconf 88' lang='lat' dir='ltr'><strong>enirn</strong></span> <span class='ocrx_word' id='word_1_119' title='bbox 894 2801 1069 2861; x_wconf 86' lang='lat' dir='ltr'><strong>sententiam</strong></span> <span class='ocrx_word' id='word_1_120' title='bbox 1093 2800 1206 2861; x_wconf 82' lang='lat' dir='ltr'><strong>terente</strong></span> <span class='ocrx_word' id='word_1_121' title='bbox 1235 2809 1264 2862; x_wconf 90' lang='lat' dir='ltr'><strong>te</strong></span> <span class='ocrx_word' id='word_1_122' title='bbox 1287 2801 1343 2862; x_wconf 86' lang='lat' dir='ltr'><strong>lin·</strong></span> 
     </span>
     <span class='ocr_line' id='line_1_17' title="bbox 46 2896 1342 2981; baseline 0 -19"><span class='ocrx_word' id='word_1_123' title='bbox 46 2909 221 2979; x_wconf 84' lang='lat' dir='ltr'><strong>peratorum</strong></span> <span class='ocrx_word' id='word_1_124' title='bbox 246 2902 358 2979; x_wconf 89' lang='lat' dir='ltr'><strong>primus</strong></span> <span class='ocrx_word' id='word_1_125' title='bbox 379 2905 444 2960; x_wconf 90' lang='lat' dir='ltr'><strong>toto</strong></span> <span class='ocrx_word' id='word_1_126' title='bbox 464 2899 562 2981; x_wconf 83' lang='lat' dir='ltr'><strong>Elysio</strong></span> <span class='ocrx_word' id='word_1_127' title='bbox 586 2902 689 2981; x_wconf 81' lang='lat' dir='ltr'><strong>rampo</strong></span> <span class='ocrx_word' id='word_1_128' title='bbox 713 2908 742 2961; x_wconf 89' lang='lat' dir='ltr'><strong>et</strong></span> <span class='ocrx_word' id='word_1_129' title='bbox 764 2896 918 2961; x_wconf 84' lang='lat' dir='ltr'><strong>beatorum</strong></span> <span class='ocrx_word' id='word_1_130' title='bbox 940 2901 996 2960; x_wconf 86' lang='lat' dir='ltr'><strong>hae</strong></span> <span class='ocrx_word' id='word_1_131' title='bbox 1019 2902 1139 2978; x_wconf 81' lang='lat' dir='ltr'><strong>regione</strong></span> <span class='ocrx_word' id='word_1_132' title='bbox 1167 2905 1342 2979; x_wconf 86' lang='lat' dir='ltr'><strong>pronuncia-</strong></span> 
     </span>
     <span class='ocr_line' id='line_1_18' title="bbox 46 3001 1344 3083; baseline 0.002 -22"><span class='ocrx_word' id='word_1_133' title='bbox 46 3011 97 3063; x_wconf 88' lang='lat' dir='ltr'><strong>tus</strong></span> <span class='ocrx_word' id='word_1_134' title='bbox 120 3009 164 3062; x_wconf 86' lang='lat' dir='ltr'><strong>est</strong></span> <span class='ocrx_word' id='word_1_135' title='bbox 187 3002 353 3063; x_wconf 79' lang='lat' dir='ltr'><strong>Alexander</strong></span> <span class='ocrx_word' id='word_1_136' title='bbox 376 3002 511 3071; x_wconf 72' lang='lat' dir='ltr'><strong>blaceio,</strong></span> <span class='ocrx_word' id='word_1_137' title='bbox 536 3003 572 3062; x_wconf 91' lang='lat' dir='ltr'><strong>ab</strong></span> <span class='ocrx_word' id='word_1_138' title='bbox 596 3023 691 3083; x_wconf 89' lang='lat' dir='ltr'><strong>eoque</strong></span> <span class='ocrx_word' id='word_1_139' title='bbox 712 3004 861 3064; x_wconf 83' lang='lat' dir='ltr'><strong>secundus</strong></span> <span class='ocrx_word' id='word_1_140' title='bbox 883 3003 997 3062; x_wconf 88' lang='lat' dir='ltr'><strong>honore</strong></span> <span class='ocrx_word' id='word_1_141' title='bbox 1012 3001 1163 3063; x_wconf 83' lang='lat' dir='ltr'><strong>Romanus</strong></span> <span class='ocrx_word' id='word_1_142' title='bbox 1178 3004 1291 3082; x_wconf 86' lang='lat' dir='ltr'><strong>Scipio,</strong></span> <span class='ocrx_word' id='word_1_143' title='bbox 1315 3012 1344 3064; x_wconf 87' lang='lat' dir='ltr'><strong>et</strong></span> 
     </span>
     <span class='ocr_line' id='line_1_19' title="bbox 47 3099 1339 3191; baseline 0 -27"><span class='ocrx_word' id='word_1_144' title='bbox 47 3099 415 3191; x_wconf 56' lang='lat' dir='ltr'><strong>tonius‘ssartbagirrensis</strong></span> <span class='ocrx_word' id='word_1_145' title='bbox 438 3103 597 3173; x_wconf 89' lang='lat' dir='ltr'><strong>Hannibal;</strong></span> <span class='ocrx_word' id='word_1_146' title='bbox 627 3104 708 3163; x_wconf 87' lang='lat' dir='ltr'><strong>solus</strong></span> <span class='ocrx_word' id='word_1_147' title='bbox 736 3107 765 3165; x_wconf 91' lang='lat' dir='ltr'><strong>in</strong></span> <span class='ocrx_word' id='word_1_148' title='bbox 794 3101 874 3165; x_wconf 94' lang='lat' dir='ltr'><strong>nullo</strong></span> <span class='ocrx_word' id='word_1_149' title='bbox 899 3120 953 3180; x_wconf 79' lang='lat' dir='ltr'><strong>ego</strong></span> <span class='ocrx_word' id='word_1_150' title='bbox 977 3103 1094 3164; x_wconf 86' lang='lat' dir='ltr'><strong>lrnbitus</strong></span> <span class='ocrx_word' id='word_1_151' title='bbox 1117 3123 1181 3166; x_wconf 88' lang='lat' dir='ltr'><strong>sum</strong></span> <span class='ocrx_word' id='word_1_152' title='bbox 1204 3124 1339 3176; x_wconf 86' lang='lat' dir='ltr'><strong>numero,</strong></span> 
     </span>
     <span class='ocr_line' id='line_1_20' title="bbox 4 3201 1342 3286; baseline 0.001 -20"><span class='ocrx_word' id='word_1_153' title='bbox 4 3207 101 3286; x_wconf 79' lang='lat' dir='ltr'><strong>oqui</strong></span> <span class='ocrx_word' id='word_1_154' title='bbox 123 3214 221 3265; x_wconf 88' lang='lat' dir='ltr'><strong>tamen</strong></span> <span class='ocrx_word' id='word_1_155' title='bbox 244 3201 268 3266; x_wconf 83' lang='lat' dir='ltr'><strong>&#39;si</strong></span> <span class='ocrx_word' id='word_1_156' title='bbox 291 3206 463 3266; x_wconf 86' lang='lat' dir='ltr'><strong>certandum</strong></span> <span class='ocrx_word' id='word_1_157' title='bbox 487 3206 556 3265; x_wconf 89' lang='lat' dir='ltr'><strong>mihi</strong></span> <span class='ocrx_word' id='word_1_158' title='bbox 585 3224 652 3265; x_wconf 87' lang='lat' dir='ltr'><strong>enm</strong></span> <span class='ocrx_word' id='word_1_159' title='bbox 681 3205 736 3266; x_wconf 83' lang='lat' dir='ltr'><strong>illis</strong></span> <span class='ocrx_word' id='word_1_160' title='bbox 763 3224 892 3284; x_wconf 86' lang='lat' dir='ltr'><strong>unquam</strong></span> <span class='ocrx_word' id='word_1_161' title='bbox 921 3208 1114 3284; x_wconf 79' lang='lat' dir='ltr'><strong>putavissem,</strong></span> <span class='ocrx_word' id='word_1_162' title='bbox 1149 3208 1283 3284; x_wconf 77' lang='lat' dir='ltr'><strong>equidem</strong></span> <span class='ocrx_word' id='word_1_163' title='bbox 1312 3209 1342 3267; x_wconf 93' lang='lat' dir='ltr'><strong>in</strong></span> 
     </span>
     <span class='ocr_line' id='line_1_21' title="bbox 48 3305 1322 3388; baseline 0.001 -20"><span class='ocrx_word' id='word_1_164' title='bbox 48 3307 131 3368; x_wconf 91' lang='lat' dir='ltr'><strong>nullo</strong></span> <span class='ocrx_word' id='word_1_165' title='bbox 155 3309 303 3386; x_wconf 69' lang='lat' dir='ltr'><strong>pisnerim</strong></span> <span class='ocrx_word' id='word_1_166' title='bbox 327 3307 416 3367; x_wconf 78' lang='lat' dir='ltr'><strong>dirbio</strong></span> <span class='ocrx_word' id='word_1_167' title='bbox 439 3308 508 3386; x_wconf 90' lang='lat' dir='ltr'><strong>quin</strong></span> <span class='ocrx_word' id='word_1_168' title='bbox 531 3315 561 3367; x_wconf 87' lang='lat' dir='ltr'><strong>te</strong></span> <span class='ocrx_word' id='word_1_169' title='bbox 583 3305 678 3368; x_wconf 77' lang='lat' dir='ltr'><strong>iudice</strong></span> <span class='ocrx_word' id='word_1_170' title='bbox 700 3310 865 3388; x_wconf 83' lang='lat' dir='ltr'><strong>principem</strong></span> <span class='ocrx_word' id='word_1_171' title='bbox 887 3308 984 3369; x_wconf 84' lang='lat' dir='ltr'><strong>locuni</strong></span> <span class='ocrx_word' id='word_1_172' title='bbox 1008 3309 1208 3369; x_wconf 81' lang='lat' dir='ltr'><strong>obtinuissem.</strong></span> <span class='ocrx_word' id='word_1_173' title='bbox 1320 3318 1322 3322; x_wconf 81' lang='grc'><strong>“</strong></span> 
     </span>
     <span class='ocr_line' id='line_1_22' title="bbox 113 3408 1464 3487; baseline 0.001 -17"><span class='ocrx_word' id='word_1_174' title='bbox 113 3429 220 3470; x_wconf 75' lang='lat' dir='ltr'><strong>uiuos</strong></span> <span class='ocrx_word' id='word_1_175' title='bbox 259 3409 398 3469; x_wconf 86' lang='lat' dir='ltr'><strong>Caussam</strong></span> <span class='ocrx_word' id='word_1_176' title='bbox 421 3410 556 3487; x_wconf 84' lang='lat' dir='ltr'><strong>prolecto</strong></span> <span class='ocrx_word' id='word_1_177' title='bbox 579 3408 686 3478; x_wconf 88' lang='lat' dir='ltr'><strong>habes,</strong></span> <span class='ocrx_word' id='word_1_178' title='bbox 711 3412 872 3479; x_wconf 85' lang='lat' dir='ltr'><strong>Germane;</strong></span> <span class='ocrx_word' id='word_1_179' title='bbox 896 3411 947 3472; x_wconf 84' lang='lat' dir='ltr'><strong>sed</strong></span> <span class='ocrx_word' id='word_1_180' title='bbox 971 3430 1038 3471; x_wconf 87' lang='lat' dir='ltr'><strong>eurn</strong></span> <span class='ocrx_word' id='word_1_181' title='bbox 1062 3409 1119 3470; x_wconf 85' lang='lat' dir='ltr'><strong>lroo</strong></span> <span class='ocrx_word' id='word_1_182' title='bbox 1135 3409 1173 3470; x_wconf 93' lang='lat' dir='ltr'><strong>illi</strong></span> <span class='ocrx_word' id='word_1_183' title='bbox 1190 3418 1339 3473; x_wconf 77' lang='lat' dir='ltr'><strong>certamen</strong></span> <span class='ocrx_word' id='word_1_184' title='bbox 1355 3423 1400 3471; x_wconf 65' lang='lat' dir='ltr'><strong>§.t</strong></span> <span class='ocrx_word' id='word_1_185' title='bbox 1458 3442 1464 3460; x_wconf 57' lang='lat' dir='ltr'><strong>r</strong></span> 
     </span>
     <span class='ocr_line' id='line_1_23' title="bbox 19 3500 1054 3592; baseline 0.001 -21"><span class='ocrx_word' id='word_1_186' title='bbox 19 3521 22 3523; x_wconf 74' lang='grc'><strong>’</strong></span> <span class='ocrx_word' id='word_1_187' title='bbox 49 3511 128 3590; x_wconf 86' lang='lat' dir='ltr'><strong>apud</strong></span> <span class='ocrx_word' id='word_1_188' title='bbox 151 3528 199 3571; x_wconf 89' lang='lat' dir='ltr'><strong>me</strong></span> <span class='ocrx_word' id='word_1_189' title='bbox 222 3500 343 3579; x_wconf 77' lang='lat' dir='ltr'><strong>inirent,</strong></span> <span class='ocrx_word' id='word_1_190' title='bbox 367 3510 435 3588; x_wconf 88' lang='lat' dir='ltr'><strong>quid</strong></span> <span class='ocrx_word' id='word_1_191' title='bbox 459 3530 518 3571; x_wconf 90' lang='lat' dir='ltr'><strong>non</strong></span> <span class='ocrx_word' id='word_1_192' title='bbox 542 3504 721 3571; x_wconf 78' lang='lat' dir='ltr'><strong>admonebas</strong></span> <span class='ocrx_word' id='word_1_193' title='bbox 743 3529 790 3571; x_wconf 88' lang='lat' dir='ltr'><strong>me</strong></span> <span class='ocrx_word' id='word_1_194' title='bbox 813 3513 875 3590; x_wconf 87' lang='lat' dir='ltr'><strong>ipse</strong></span> <span class='ocrx_word' id='word_1_195' title='bbox 898 3502 1054 3592; x_wconf 66' lang='lat' dir='ltr'><strong>quoquot</strong></span> 
     </span>
     <span class='ocr_line' id='line_1_24' title="bbox 113 3612 1343 3695; baseline 0.003 -23"><span class='ocrx_word' id='word_1_196' title='bbox 113 3632 274 3673; x_wconf 73' lang='lat' dir='ltr'><strong>unumve.</strong></span> <span class='ocrx_word' id='word_1_197' title='bbox 313 3612 386 3683; x_wconf 83' lang='lat' dir='ltr'><strong>Quia</strong></span> <span class='ocrx_word' id='word_1_198' title='bbox 409 3630 506 3691; x_wconf 88' lang='lat' dir='ltr'><strong>neque</strong></span> <span class='ocrx_word' id='word_1_199' title='bbox 529 3614 805 3692; x_wconf 83' lang='lat' dir='ltr'><strong>putari&#39;quicquam</strong></span> <span class='ocrx_word' id='word_1_200' title='bbox 827 3612 917 3674; x_wconf 82' lang='lat' dir='ltr'><strong>licere</strong></span> <span class='ocrx_word' id='word_1_201' title='bbox 940 3613 990 3674; x_wconf 88' lang='lat' dir='ltr'><strong>ulli</strong></span> <span class='ocrx_word' id='word_1_202' title='bbox 1013 3615 1060 3674; x_wconf 88' lang='lat' dir='ltr'><strong>bio</strong></span> <span class='ocrx_word' id='word_1_203' title='bbox 1090 3614 1217 3685; x_wconf 86' lang='lat' dir='ltr'><strong>ambire,</strong></span> <span class='ocrx_word' id='word_1_204' title='bbox 1247 3622 1343 3695; x_wconf 88' lang='lat' dir='ltr'><strong>neque</strong></span> 
     </span>
     <span class='ocr_line' id='line_1_25' title="bbox 4 3712 1342 3793; baseline 0.002 -19"><span class='ocrx_word' id='word_1_205' title='bbox 4 3727 182 3789; x_wconf 63' lang='lat' dir='ltr'><strong>&#39;tzurrquam</strong></span> <span class='ocrx_word' id='word_1_206' title='bbox 206 3712 349 3782; x_wconf 70' lang='lat' dir='ltr'><strong>(lubitum,</strong></span> <span class='ocrx_word' id='word_1_207' title='bbox 385 3715 463 3791; x_wconf 84' lang='lat' dir='ltr'><strong>quod</strong></span> <span class='ocrx_word' id='word_1_208' title='bbox 487 3716 515 3773; x_wconf 90' lang='lat' dir='ltr'><strong>in</strong></span> <span class='ocrx_word' id='word_1_209' title='bbox 539 3716 594 3774; x_wconf 89' lang='lat' dir='ltr'><strong>rita</strong></span> <span class='ocrx_word' id='word_1_210' title='bbox 618 3714 693 3774; x_wconf 89' lang='lat' dir='ltr'><strong>bone</strong></span> <span class='ocrx_word' id='word_1_211' title='bbox 717 3722 767 3774; x_wconf 89' lang='lat' dir='ltr'><strong>aut</strong></span> <span class='ocrx_word' id='word_1_212' title='bbox 790 3715 864 3775; x_wconf 87' lang='lat' dir='ltr'><strong>male</strong></span> <span class='ocrx_word' id='word_1_213' title='bbox 887 3715 951 3793; x_wconf 91' lang='lat' dir='ltr'><strong>quis</strong></span> <span class='ocrx_word' id='word_1_214' title='bbox 980 3718 1136 3786; x_wconf 85' lang='lat' dir='ltr'><strong>meruerit,</strong></span> <span class='ocrx_word' id='word_1_215' title='bbox 1170 3736 1283 3777; x_wconf 83' lang='lat' dir='ltr'><strong>surnma</strong></span> <span class='ocrx_word' id='word_1_216' title='bbox 1313 3719 1342 3779; x_wconf 92' lang='lat' dir='ltr'><strong>in</strong></span> 
     </span>
     <span class='ocr_line' id='line_1_26' title="bbox 50 3814 1299 3890; baseline 0.005 -15"><span class='ocrx_word' id='word_1_217' title='bbox 50 3833 155 3875; x_wconf 88' lang='lat' dir='ltr'><strong>omnes</strong></span> <span class='ocrx_word' id='word_1_218' title='bbox 178 3816 313 3890; x_wconf 67' lang='lat' dir='ltr'><strong>aequitate</strong></span> <span class='ocrx_word' id='word_1_219' title='bbox 335 3815 388 3874; x_wconf 90' lang='lat' dir='ltr'><strong>abs</strong></span> <span class='ocrx_word' id='word_1_220' title='bbox 411 3824 439 3875; x_wconf 89' lang='lat' dir='ltr'><strong>te</strong></span> <span class='ocrx_word' id='word_1_221' title='bbox 462 3814 605 3876; x_wconf 87' lang='lat' dir='ltr'><strong>distribui.</strong></span> <span class='ocrx_word' id='word_1_222' title='bbox 1294 3874 1299 3881; x_wconf 93' lang='lat'>.</span> 
     </span>
     <span class='ocr_line' id='line_1_27' title="bbox 114 3915 1342 3994; baseline 0.003 -19"><span class='ocrx_word' id='word_1_223' title='bbox 114 3937 221 3976; x_wconf 76' lang='lat' dir='ltr'><strong>simos.</strong></span> <span class='ocrx_word' id='word_1_224' title='bbox 260 3915 361 3994; x_wconf 88' lang='lat' dir='ltr'><strong>Neque</strong></span> <span class='ocrx_word' id='word_1_225' title='bbox 383 3935 441 3976; x_wconf 92' lang='lat' dir='ltr'><strong>nou</strong></span> <span class='ocrx_word' id='word_1_226' title='bbox 465 3919 497 3976; x_wconf 88' lang='lat' dir='ltr'><strong>tlt</strong></span> <span class='ocrx_word' id='word_1_227' title='bbox 519 3917 576 3977; x_wconf 86' lang='lat' dir='ltr'><strong>hoo</strong></span> <span class='ocrx_word' id='word_1_228' title='bbox 603 3917 720 3977; x_wconf 77' lang='lat' dir='ltr'><strong>setlulo:</strong></span> <span class='ocrx_word' id='word_1_229' title='bbox 750 3917 806 3979; x_wconf 74' lang='lat' dir='ltr'><strong>seri</strong></span> <span class='ocrx_word' id='word_1_230' title='bbox 830 3919 992 3979; x_wconf 85' lang='lat' dir='ltr'><strong>iudicamus</strong></span> <span class='ocrx_word' id='word_1_231' title='bbox 1019 3919 1182 3978; x_wconf 83' lang='lat' dir='ltr'><strong>seeundum</strong></span> <span class='ocrx_word' id='word_1_232' title='bbox 1211 3920 1342 3980; x_wconf 80' lang='lat' dir='ltr'><strong>contessa</strong></span> 
     </span>
     <span class='ocr_line' id='line_1_28' title="bbox 54 4008 1342 4098; baseline 0.003 -22"><span class='ocrx_word' id='word_1_233' title='bbox 54 4008 231 4096; x_wconf 85' lang='lat' dir='ltr'><strong>plerumque</strong></span> <span class='ocrx_word' id='word_1_234' title='bbox 252 4017 316 4085; x_wconf 86' lang='lat' dir='ltr'><strong>hio,</strong></span> <span class='ocrx_word' id='word_1_235' title='bbox 350 4020 440 4096; x_wconf 83' lang='lat' dir='ltr'><strong>litque</strong></span> <span class='ocrx_word' id='word_1_236' title='bbox 463 4019 545 4096; x_wconf 89' lang='lat' dir='ltr'><strong>eopia</strong></span> <span class='ocrx_word' id='word_1_237' title='bbox 563 4018 684 4078; x_wconf 51' lang='lat' dir='ltr'><strong>¹dicendi</strong></span> <span class='ocrx_word' id='word_1_238' title='bbox 708 4019 785 4098; x_wconf 84' lang='lat' dir='ltr'><strong>quod</strong></span> <span class='ocrx_word' id='word_1_239' title='bbox 809 4022 839 4079; x_wconf 92' lang='lat' dir='ltr'><strong>in</strong></span> <span class='ocrx_word' id='word_1_240' title='bbox 863 4038 927 4079; x_wconf 87' lang='lat' dir='ltr'><strong>rem</strong></span> <span class='ocrx_word' id='word_1_241' title='bbox 949 4039 1038 4089; x_wconf 51' lang='lat' dir='ltr'><strong>‚suam</strong></span> <span class='ocrx_word' id='word_1_242' title='bbox 1068 4018 1190 4098; x_wconf 76' lang='lat' dir='ltr'><strong>quilibet</strong></span> <span class='ocrx_word' id='word_1_243' title='bbox 1219 4020 1342 4080; x_wconf 85' lang='lat' dir='ltr'><strong>arbitra·</strong></span> 
     </span>
     <span class='ocr_line' id='line_1_29' title="bbox 51 4117 1341 4198; baseline 0.002 -20"><span class='ocrx_word' id='word_1_244' title='bbox 51 4129 115 4186; x_wconf 90' lang='lat' dir='ltr'><strong>tur;</strong></span> <span class='ocrx_word' id='word_1_245' title='bbox 141 4117 352 4178; x_wconf 73' lang='lat' dir='ltr'><strong>eaetera&#39;lacile</strong></span> <span class='ocrx_word' id='word_1_246' title='bbox 375 4121 534 4179; x_wconf 86' lang='lat' dir='ltr'><strong>transimus</strong></span> <span class='ocrx_word' id='word_1_247' title='bbox 556 4117 706 4198; x_wconf 85' lang='lat' dir='ltr'><strong>occupati,</strong></span> <span class='ocrx_word' id='word_1_248' title='bbox 729 4122 893 4197; x_wconf 70' lang='lat' dir='ltr'><strong>praesertim</strong></span> <span class='ocrx_word' id='word_1_249' title='bbox 916 4120 951 4180; x_wconf 86' lang='lat' dir='ltr'><strong>ad</strong></span> <span class='ocrx_word' id='word_1_250' title='bbox 975 4120 1162 4181; x_wconf 88' lang='lat' dir='ltr'><strong>ambitionem</strong></span> <span class='ocrx_word' id='word_1_251' title='bbox 1186 4139 1250 4198; x_wconf 77' lang='lat' dir='ltr'><strong>quae</strong></span> <span class='ocrx_word' id='word_1_252' title='bbox 1266 4130 1341 4190; x_wconf 87' lang='lat' dir='ltr'><strong>sunt,</strong></span> 
     </span>
     <span class='ocr_line' id='line_1_30' title="bbox 4 4218 1341 4299; baseline 0.002 -21"><span class='ocrx_word' id='word_1_253' title='bbox 4 4221 108 4279; x_wconf 77' lang='lat' dir='ltr'><strong>²onisi</strong></span> <span class='ocrx_word' id='word_1_254' title='bbox 130 4219 284 4297; x_wconf 84' lang='lat' dir='ltr'><strong>postulati,</strong></span> <span class='ocrx_word' id='word_1_255' title='bbox 318 4218 517 4296; x_wconf 77' lang='lat' dir='ltr'><strong>negligentes:</strong></span> <span class='ocrx_word' id='word_1_256' title='bbox 552 4222 631 4281; x_wconf 84' lang='lat' dir='ltr'><strong>vides</strong></span> <span class='ocrx_word' id='word_1_257' title='bbox 654 4222 740 4282; x_wconf 76' lang='lat' dir='ltr'><strong>enim‘</strong></span> <span class='ocrx_word' id='word_1_258' title='bbox 754 4224 937 4298; x_wconf 86' lang='lat' dir='ltr'><strong>negotiorum</strong></span> <span class='ocrx_word' id='word_1_259' title='bbox 968 4241 1032 4299; x_wconf 79' lang='lat' dir='ltr'><strong>quae</strong></span> <span class='ocrx_word' id='word_1_260' title='bbox 1060 4224 1097 4281; x_wconf 89' lang='lat' dir='ltr'><strong>sit</strong></span> <span class='ocrx_word' id='word_1_261' title='bbox 1124 4220 1230 4288; x_wconf 91' lang='lat' dir='ltr'><strong>moles,</strong></span> <span class='ocrx_word' id='word_1_262' title='bbox 1262 4223 1341 4298; x_wconf 81' lang='lat' dir='ltr'><strong>qood</strong></span> 
     </span>
     <span class='ocr_line' id='line_1_31' title="bbox 52 4308 1342 4401; baseline 0.004 -23"><span class='ocrx_word' id='word_1_263' title='bbox 52 4321 230 4381; x_wconf 75' lang='lat' dir='ltr'><strong>iudiriorum</strong></span> <span class='ocrx_word' id='word_1_264' title='bbox 254 4308 460 4399; x_wconf 73' lang='lat' dir='ltr'><strong>onuS,&#39;qrram</strong></span> <span class='ocrx_word' id='word_1_265' title='bbox 484 4323 595 4383; x_wconf 83' lang='lat' dir='ltr'><strong>varium</strong></span> <span class='ocrx_word' id='word_1_266' title='bbox 619 4329 647 4382; x_wconf 88' lang='lat' dir='ltr'><strong>et</strong></span> <span class='ocrx_word' id='word_1_267' title='bbox 668 4320 835 4399; x_wconf 80' lang='lat' dir='ltr'><strong>multiplex,</strong></span> <span class='ocrx_word' id='word_1_268' title='bbox 865 4322 970 4382; x_wconf 86' lang='lat' dir='ltr'><strong>deinde</strong></span> <span class='ocrx_word' id='word_1_269' title='bbox 998 4324 1048 4382; x_wconf 87' lang='lat' dir='ltr'><strong>otii</strong></span> <span class='ocrx_word' id='word_1_270' title='bbox 1071 4339 1158 4401; x_wconf 90' lang='lat' dir='ltr'><strong>quam</strong></span> <span class='ocrx_word' id='word_1_271' title='bbox 1181 4329 1260 4382; x_wconf 88' lang='lat' dir='ltr'><strong>arcta</strong></span> <span class='ocrx_word' id='word_1_272' title='bbox 1283 4325 1342 4383; x_wconf 86' lang='lat' dir='ltr'><strong>sint</strong></span> 
     </span>
    </p>
   </div>
   <div class='ocr_carea' id='block_1_6' title="bbox 57 4505 1343 4726">
    <p class='ocr_par' dir='ltr' id='par_1_6' title="bbox 57 4505 1343 4726">
     <span class='ocr_line' id='line_1_32' title="bbox 118 4505 1342 4572; baseline 0.002 -16"><span class='ocrx_word' id='word_1_273' title='bbox 118 4507 129 4538; x_wconf 79' lang='lat'>²</span> <span class='ocrx_word' id='word_1_274' title='bbox 147 4507 276 4559; x_wconf 85' lang='lat' dir='ltr'><strong>iuditium</strong></span> <span class='ocrx_word' id='word_1_275' title='bbox 296 4510 319 4555; x_wconf 85' lang='lat'><strong>1.</strong></span> <span class='ocrx_word' id='word_1_276' title='bbox 367 4505 389 4538; x_wconf 87' lang='lat'><strong>¹⁷</strong></span> <span class='ocrx_word' id='word_1_277' title='bbox 406 4507 599 4572; x_wconf 71' lang='lat' dir='ltr'><strong>pronuntiatos</strong></span> <span class='ocrx_word' id='word_1_278' title='bbox 613 4505 665 4572; x_wconf 80' lang='lat' dir='ltr'><strong>eat]</strong></span> <span class='ocrx_word' id='word_1_279' title='bbox 685 4509 714 4558; x_wconf 79' lang='lat' dir='ltr'><strong>ie</strong></span> <span class='ocrx_word' id='word_1_280' title='bbox 726 4508 847 4557; x_wconf 84' lang='lat' dir='ltr'><strong>Luciaoi.</strong></span> <span class='ocrx_word' id='word_1_281' title='bbox 857 4507 923 4558; x_wconf 80' lang='lat' dir='ltr'><strong>dial.</strong></span> <span class='ocrx_word' id='word_1_282' title='bbox 937 4513 1016 4556; x_wconf 85' lang='lat' dir='ltr'><strong>mort.</strong></span> <span class='ocrx_word' id='word_1_283' title='bbox 1030 4509 1101 4571; x_wconf 64' lang='lat' dir='ltr'><strong>xil„</strong></span> <span class='ocrx_word' id='word_1_284' title='bbox 1121 4508 1170 4557; x_wconf 88' lang='lat' dir='ltr'><strong>ubi</strong></span> <span class='ocrx_word' id='word_1_285' title='bbox 1181 4509 1271 4558; x_wconf 80' lang='lat' dir='ltr'><strong>Minos</strong></span> <span class='ocrx_word' id='word_1_286' title='bbox 1284 4511 1342 4559; x_wconf 85' lang='lat' dir='ltr'><strong>Ma·</strong></span> 
     </span>
     <span class='ocr_line' id='line_1_33' title="bbox 57 4589 1343 4656; baseline 0.003 -16"><span class='ocrx_word' id='word_1_287' title='bbox 57 4593 150 4641; x_wconf 76' lang='lat' dir='ltr'><strong>cadoni</strong></span> <span class='ocrx_word' id='word_1_288' title='bbox 169 4592 298 4656; x_wconf 82' lang='lat' dir='ltr'><strong>primum,</strong></span> <span class='ocrx_word' id='word_1_289' title='bbox 318 4591 437 4643; x_wconf 79' lang='lat' dir='ltr'><strong>altorum</strong></span> <span class='ocrx_word' id='word_1_290' title='bbox 452 4592 590 4654; x_wconf 69' lang='lat' dir='ltr'><strong>Romam,</strong></span> <span class='ocrx_word' id='word_1_291' title='bbox 609 4592 721 4642; x_wconf 79' lang='lat' dir='ltr'><strong>tertium</strong></span> <span class='ocrx_word' id='word_1_292' title='bbox 734 4592 800 4641; x_wconf 75' lang='lat' dir='ltr'><strong>Atro</strong></span> <span class='ocrx_word' id='word_1_293' title='bbox 819 4592 907 4641; x_wconf 79' lang='lat' dir='ltr'><strong>locum</strong></span> <span class='ocrx_word' id='word_1_294' title='bbox 927 4591 1078 4642; x_wconf 74' lang='lat' dir='ltr'><strong>adiudicat.</strong></span> <span class='ocrx_word' id='word_1_295' title='bbox 1131 4591 1152 4623; x_wconf 81' lang='lat'><strong>²³</strong></span> <span class='ocrx_word' id='word_1_296' title='bbox 1171 4589 1223 4656; x_wconf 80' lang='lat' dir='ltr'><strong>me]</strong></span> <span class='ocrx_word' id='word_1_297' title='bbox 1243 4597 1270 4642; x_wconf 86' lang='lat' dir='ltr'><strong>te</strong></span> <span class='ocrx_word' id='word_1_298' title='bbox 1289 4597 1343 4644; x_wconf 74' lang='lat' dir='ltr'><strong>m.</strong></span> 
     </span>
     <span class='ocr_line' id='line_1_34' title="bbox 58 4678 250 4726; baseline 0.016 -6"><span class='ocrx_word' id='word_1_299' title='bbox 58 4689 94 4723; x_wconf 84' lang='lat' dir='ltr'><strong>me</strong></span> <span class='ocrx_word' id='word_1_300' title='bbox 113 4680 189 4726; x_wconf 57' lang='lat' dir='ltr'><strong>3vtn</strong></span> <span class='ocrx_word' id='word_1_301' title='bbox 209 4678 250 4724; x_wconf 81' lang='lat' dir='ltr'><strong>tr.</strong></span> 
     </span>
    </p>
   </div>
   <div class='ocr_carea' id='block_1_7' title="bbox 0 0 1598 5422">
    <p class='ocr_par' dir='ltr' id='par_1_7' title="bbox 0 0 1598 5422">
     <span class='ocr_line' id='line_1_35' title="bbox 0 0 1598 5422; baseline 0 0"><span class='ocrx_word' id='word_1_302' title='bbox 0 0 1598 5422; x_wconf 95' lang='lat' dir='ltr'><strong> </strong></span> 
     </span>
    </p>
   </div>
  </div>
 </body>
</html>
