3210 5416
254 345 328 415 558
615 374 618 380 ’
696 332 812 409 Did-bom
832 372 1104 409 PBEVDOEVTTBMGI.

252 529 367 606 exempli
390 529 453 587 boui
476 538 523 585 ant
545 539 619 585 certo
642 529 807 591 sanctitatis,
832 530 856 585 id
872 530 954 587 Petro
975 528 1134 602 relinquunt
1156 539 1182 585 et
1198 529 1297 591 Paullo,
1322 529 1420 604 quibus
1439 529 1521 585 abunde
1598 526 1599 592 l

252 617 319 673 satis
340 624 382 671 est
404 616 465 671 ocii.
1333 615 1342 643 ¹

318 701 422 755 blomu
431 719 452 755 s.
490 699 545 756 Hoc
568 707 687 754 nonest
710 699 838 772 praelatos
861 716 956 772 agere,
979 700 1026 754 sed
1050 699 1321 773 sycoplaantas.seol
1345 699 1491 755 nebulones.

185 797 245 847 aio.
320 783 537 857 l‘asquillns‚
576 783 698 839 Vidistin’
715 783 895 858 apostolicum
918 783 1011 845 Breve,
1035 783 1160 839 omnibns
1184 801 1254 858 pene
1278 783 1439 857 templorum
1459 784 1524 837 valois

254 870 402 944 llaguncim
424 867 552 925 allisum?
574 924 576 927 ,
1289 890 1292 895 ·
1532 884 1537 892 ·

318 954 453 1010 llomua.
491 952 560 1020 Qnid
582 953 723 1008 continet?

318 1037 531 1110 Pasquillus.
569 1036 607 1094 Ne
630 1036 691 1109 quis
714 1030 860 1092 editionem
883 1035 957 1109 legat
980 1035 1020 1090 vel
1043 1035 1197 1109 apologiam
1220 1036 1328 1093 llartini
1353 1037 1472 1097 Lutberi.
1492 1036 1528 1091 bo

256 1123 335 1179 minis
357 1121 459 1194 alioqui
483 1136 617 1193 exaequo
640 1121 712 1177 docti
736 1138 766 1176 ac
788 1121 835 1195 pii.

318 1206 454 1261 borneis.
490 1203 688 1271 Quamobrem?

317 1288 535 1363 Pasquillus.
573 1287 649 1356 Quod
671 1288 768 1345 hulcus
792 1289 915 1361 tetigerit
936 1288 1065 1345 Pontifici
1083 1307 1114 1345 ac
1137 1288 1175 1345 illi
1199 1308 1247 1347 sua
1277 1289 1408 1346 offuderit
1437 1290 1550 1363 flagitiare

254 1375 327 1448 quod
340 1374 506 1430 damnaverit
520 1374 682 1447 symoniam,
706 1382 840 1447 quaestum
857 1373 1101 1447 loiatnlgentiarum,
1124 1375 1228 1448 copiam
1244 1374 1449 1434 maleficiorum.
1470 1393 1530 1448 porn-

254 1478 315 1534 pam
338 1458 526 1514 Cardinalium·
540 1466 568 1514 et
583 1456 795 1532 Episcopmmm,
820 1459 957 1514 avaritiam
973 1458 1193 1521 Curtisnnorum,
1217 1458 1429 1532 expoliationem
1444 1461 1530 1532 patria

255 1545 282 1600 in
304 1561 423 1604 summa,
452 1551 483 1601 ut
511 1550 621 1615 gentem
648 1543 823 1598 christianam
849 1544 938 1616 primo
968 1560 1019 1598 suo
1041 1544 1152 1599 candori
1179 1553 1208 1599 ot
1229 1544 1327 1599 natiuae
1349 1543 1530 1599 conversationi

256 1629 400 1684 restituere
422 1627 534 1683 molitus
557 1635 613 1682 est:
641 1627 700 1683 llaec
722 1636 787 1683 sunt
810 1645 871 1700 qum
893 1627 1016 1701 pontilen
1036 1629 1171 1684 bernadus
1200 1644 1375 1702 summopere
1397 1637 1531 1683 execratur.

194 1723 282 1773 tm·
318 1713 452 1769 blomne.
489 1713 547 1767 lton
571 1711 658 1785 probo
678 1712 796 1767 lactum:
831 1712 896 1784 quin
919 1712 971 1768 boc
993 1730 1022 1768 se
1045 1713 1131 1785 magis
1159 1722 1316 1788 suspectum
1346 1713 1455 1784 reddet,
1487 1726 1551 1784 qinon

253 1798 280 1852 in
303 1816 332 1853 no
355 1807 409 1853 tani
431 1796 503 1853 clara
526 1802 653 1852 accentu
676 1795 772 1852 oculos
795 1796 912 1852 voluerit
934 1797 1128 1870 praestringere
1151 1796 1307 1853 videntium.
1383 1837 1386 1840 .

315 1875 531 1955 Pasquillns.
570 1879 692 1936 Silvestri
716 1881 844 1937 Pricratis
868 1882 956 1936 omnis
978 1880 1035 1937 bae
1062 1881 1158 1938 tecbna
1180 1888 1237 1937 est:
1271 1882 1294 1936 is
1326 1882 1364 1937 ita
1393 1890 1531 1938 atramento

252 1985 333 2023 suum
355 1966 504 2023 candelecit
526 1965 707 2022 llecmoatem.
764 1989 770 2001 ¹
808 1965 819 1984 ⁰
869 1988 872 1999 =
1016 1964 1021 1971 “

316 2052 448 2107 bonius.
490 2050 594 2117 Quanta
630 2067 775 2106 numerum
813 2067 916 2110 suntme
951 2067 1032 2123 qulam
1067 2049 1184 2123 singulis
1216 2059 1392 2124 aucupamur
1425 2051 1529 2106 annisa

254 2136 394 2193 Germanis
415 2135 574 2196 Pontilloes,
596 2141 679 2207 atque
701 2134 854 2191 istiusmodi
878 2151 971 2190 omnes
994 2134 1041 2208 qui
1064 2135 1155 2191 bootae
1177 2135 1282 2207 degunt
1305 2135 1445 2209 harpyiae?
1535 2149 1550 2186 a

185 2233 245 2284 tet,
317 2219 530 2294 Pasqnillus.
567 2219 751 2275 innumerata:
784 2218 869 2274 dicam
895 2228 982 2278 tuneo
1011 2220 1085 2293 quod
1113 2218 1184 2274 scio:
1217 2219 1311 2292 paucis
1342 2220 1441 2276 abhinc
1467 2219 1529 2274 annis

251 2313 361 2361 constat
389 2304 547 2378 plusquam
571 2299 613 2359 bis
635 2311 749 2359 centena
773 2303 936 2376 quadragies
963 2302 1037 2359 millo
1061 2303 1144 2360 millia
1174 2304 1339 2360 ‹locatorum
1369 2322 1420 2378 pro
1443 2305 1529 2359 redere

160 2430 162 2435 .
190 2416 194 2428 =
252 2390 346 2464 ptiono
368 2387 513 2463 palliorum
536 2388 563 2443 in
585 2387 689 2443 ltaliam
712 2387 797 2444 luisse
820 2387 977 2444 transmissa
1000 2406 1051 2461 pro
1073 2387 1280 2444 confirmatione
1296 2404 1395 2446 novem
1411 2387 1528 2463 perones

251 2474 443 2547 episcoporum
465 2471 726 2545 bagnolinensium;
749 2471 872 2546 reliquos
894 2471 988 2534 mitto,
1013 2473 1151 2546 ingentem
1174 2473 1332 2529 tbesaurum
1350 2475 1527 2548 pensionuma

251 2557 401 2614 cortisanis
424 2556 587 2618 Germaniae,
609 2563 661 2614 etc.
1530 2569 1547 2609 a

183 2651 242 2702 §.aa
315 2642 448 2698 domus.
487 2642 549 2696 Tam
573 2659 671 2698 crassae
693 2641 816 2697 llinervae
840 2649 882 2697 est
904 2640 1101 2715 populus‘ut
1128 2642 1176 2697 bas
1205 2642 1314 2700 fraudes
1337 2660 1393 2699 non
1416 2640 1526 2698 olfaciat?

185 2794 187 2798 ι
315 2725 530 2800 l‘asquillus.
567 2727 684 2798 Agnovit
707 2726 876 2789 iamdudum,
908 2727 956 2782 sed
979 2743 1041 2782 sero
1064 2726 1145 2782 nimis
1167 2736 1194 2782 et
1222 2744 1273 2782 suo
1297 2729 1414 2784 maixime
1435 2727 1526 2799 disper

251 2815 312 2870 alio:
347 2812 373 2867 in
395 2811 537 2886 procinctu
560 2820 632 2873 erat,
667 2812 718 2867 iam
740 2810 826 2867 altera
849 2810 904 2867 vice
926 2810 1079 2884 decepisset
1102 2810 1279 2885 plebeculam
1308 2811 1435 2868 simrdata
1460 2826 1525 2883 cape

251 2898 356 2954 ditione
378 2897 405 2951 in
428 2897 558 2956 lurcam,
581 2896 628 2951 sed
652 2896 703 2951 iam
727 2895 773 2952 icti
796 2896 917 2969 sapiunt,
945 2894 1038 2969 Lupus
1061 2896 1137 2951 bians
1160 2895 1296 2952 discessit.
1321 2954 1324 2959 ⁴

182 3000 241 3050 aaa,
315 2983 449 3038 Mouaus.
487 2980 556 3036 tllim
578 2980 639 3053 lege
661 2980 794 3037 sancitum
818 2962 889 3041 eral,
918 2997 952 3035 ne
982 2980 1047 3053 quid
1076 2980 1235 3054 temporalis
1263 2981 1379 3036 dorninii
1411 2980 1545 3035 baberenta

249 3066 290 3121 vel
314 3065 437 3140 opulenti
466 3074 558 3122 esseut
587 3064 707 3120 flamines
735 3072 817 3138 atque
846 3065 864 3119 ii
892 3064 939 3137 qm
962 3064 1046 3122 sacris
1076 3074 1225 3138 praeerant,
1258 3061 1310 3121 sed
1329 3066 1412 3122 unico
1435 3072 1522 3120 uatum

248 3152 361 3207 oleorum
384 3151 538 3207 ministerio
560 3149 658 3206 addicti
681 3148 787 3224 populo
809 3166 943 3222 responsa
965 3149 1062 3206 darent
1084 3167 1114 3205 ac
1136 3167 1212 3206 sacra
1234 3151 1367 3206 lacerent.

311 3232 532 3307 Pasquillus.
570 3234 634 3290 Novi
663 3251 716 3307 ego
745 3234 881 3307 quondam
908 3242 1016 3289 exactos
1045 3251 1125 3306 rogos
1147 3234 1331 3291 boiraanorum
1362 3254 1378 3290 a
1408 3232 1522 3289 sacribcb

249 3317 357 3389 (licebat
379 3319 450 3374 enim
473 3327 501 3374 et
516 3318 634 3392 Regibus
658 3327 723 3374 tuuc
744 3317 915 3390 sacrificare),
944 3336 977 3374 ne
1000 3319 1065 3391 quid
1088 3319 1191 3375 interea
1213 3319 1241 3374 in
1264 3319 1404 3393 republica
1425 3336 1439 3373 a
1458 3315 1521 3372 mini·

250 3402 336 3457 sterio
352 3401 545 3475 negligerent,
569 3403 624 3458 sive
648 3403 720 3477 quod
744 3421 822 3460 nemo
846 3402 926 3459 simul
949 3421 979 3459 ac
1002 3402 1084 3458 semel
1106 3403 1211 3458 diversa
1234 3405 1323 3477 possit
1348 3412 1471 3463 tractare,
1489 3399 1541 3452 dia

180 3486 310 3555 populna
332 3495 360 3542 et
382 3485 535 3560 prophana.
565 3487 620 3542 lliis
648 3487 749 3545 servire
778 3496 806 3544 et
834 3487 964 3544 tumultui
987 3506 1017 3545 ac
1039 3487 1210 3545 saecularium
1238 3506 1328 3544 renam
1359 3488 1439 3545 curis
1478 3486 1520 3538 lla»

248 3579 336 3627 terum
360 3570 439 3626 nobis
461 3570 557 3627 accidit
579 3572 652 3644 quod
675 3573 764 3635 vides,
788 3572 892 3629 inversa
915 3573 985 3646 apud
1006 3590 1058 3628 noo
1081 3572 1184 3630 omnia:
1208 3572 1299 3629 videas
1322 3573 1366 3629 bio
1387 3569 1518 3629 Pontilbes

247 3654 415 3731 tmnlinales,
447 3654 611 3728 Episcopus,
646 3657 826 3731 Propositus,
861 3657 993 3719 Abbatcs.
1027 3656 1149 3714 coenobia
1172 3657 1265 3713 multis
1289 3658 1379 3714 modis
1400 3654 1518 3727 Principes

121 3776 124 3783 ·
188 3767 192 3776 ⁴
246 3739 408 3803 antecellere
429 3739 543 3801 divitiis.
578 3758 696 3813 congere
726 3760 834 3800 crimem
862 3742 1040 3798 substantiam
1069 3740 1178 3815 populi,
1212 3742 1370 3816 sumptibus
1397 3738 1517 3811 indulgere

246 3835 284 3882 et.
302 3824 476 3899 apparatibus
507 3823 569 3898 plus
597 3843 677 3898 quam
706 3826 879 3901 Sybariticis,
913 3827 985 3884 aedes
1013 3827 1154 3900 possidere
1181 3826 1349 3900 siramlatquc
1377 3833 1538 3883 construeret·

246 3909 415 3983 magnificas,
449 3919 576 3983 tanquam
599 3919 735 3984 perpetuo
757 3913 813 3967 sint
835 3911 945 3974 uictori:
979 3912 1084 3967 nutrire
1107 3921 1212 3974 scorta,
1243 3912 1270 3967 in
1301 3928 1396 3969 omnes
1418 3908 1516 3965 molen

244 3995 366 4056 delitias,
389 4013 484 4059 curare
507 3993 667 4056 cuticulam.
697 3996 764 4051 nibil
787 4013 841 4052 non
865 3997 981 4070 experiri
1004 3996 1076 4069 quod
1100 3995 1248 4069 uoluptatis
1271 3996 1411 4070 quippiam
1432 3991 1516 4049 asllerat

244 4081 373 4153 eorpori;
395 4079 539 4143 ediverso
562 4097 643 4152 egere
665 4079 795 4153 plebem,
827 4081 946 4155 opprimi
969 4098 1117 4154 pauperes.
1151 4081 1307 4155 promoveri
1330 4088 1359 4137 ct
1381 4076 1467 4136 extolli
1486 4074 1515 4127 ia·

244 4163 358 4236 dignos,
382 4164 515 4238 virginum
538 4171 566 4219 et
589 4181 704 4220 uasorum
727 4166 855 4221 attentari
878 4165 1053 4239 pudicitiara:
1077 4172 1159 4239 atque
1182 4164 1235 4220 boo
1256 4183 1271 4220 a
1294 4164 1379 4221 nullis
1399 4177 1471 4237 quan
1489 4155 1514 4211 ab

164 4311 169 4320 ι
244 4248 278 4316 iia
302 4265 371 4321 quoa
394 4249 510 4304 mamdns
532 4248 606 4305 velut
628 4248 740 4321 angelos
768 4249 812 4305 dei
839 4250 996 4307 demiratur.
1041 4248 1079 4304 Eo
1108 4249 1207 4306 deiecit
1236 4259 1334 4305 nostra
1362 4248 1464 4320 religio.
1486 4252 1534 4295 0⁰¹⁵

244 4330 389 4405 prolapsa,
413 4341 443 4388 ut
467 4332 514 4407 qui
536 4332 623 4406 probo
647 4332 709 4389 velit
731 4333 812 4390 vitam
835 4334 992 4397 instituere,
1021 4334 1149 4408 protinus
1179 4333 1298 4390 eviratus
1327 4351 1358 4390 ac
1380 4347 1465 4407 parum
1483 4324 1512 4378 vir

161 4424 164 4430 ’
242 4415 357 4472 duntur.
584 4419 586 4421 ’

250 4648 253 4651 Α
308 4595 330 4652 2¹
349 4566 507 4649 ronanam.
528 4603 554 4655 a.
576 4596 612 4643 Μ
631 4599 673 4650 cs.
688 4600 799 4663 tantae.
813 4602 837 4659 a.
850 4598 892 4650 m.
928 4598 950 4631 ²³
969 4584 1176 4666 raonem
1189 4601 1240 4649 rasa
1252 4607 1278 4649 ea
1291 4590 1512 4650 saracenorum

242 4681 403 4743 conflandos*
421 4685 457 4731 ad
473 4699 552 4745 ororp.
572 4686 683 4747 exempli
699 4686 747 4737 mei
764 4687 863 4750 anoton
881 4684 1034 4748 adscripsit.
1054 4687 1096 4735 oe,
1111 4684 1179 4749 lapsa
1193 4685 1231 4748 rs.
1247 4690 1299 4736 aot.
1312 4683 1347 4734 lt
1364 4680 1455 4748 paor.
