3210 5416
198 430 201 436 Ι
262 352 334 421 552
699 379 815 412 utonem
836 346 1108 411 rouvuottl'rrtrutct.

261 539 324 595 dum
348 537 422 596 iores
444 537 517 611 quod
539 536 568 592 in
590 536 736 610 sepulchro
753 535 894 592 cranium:
917 534 984 591 adeo
1006 543 1133 608 tanquam
1155 551 1247 590 coeuos
1270 543 1330 590 tute
1353 534 1402 589 tibi
1423 533 1534 590 malorem

193 623 395 680 §.mutassem
419 621 553 693 qnondam
577 621 720 678 advocasti.
807 616 944 676 llcltins.
971 619 1085 674 Parebo.
1172 619 1391 692 Desperatio.
1423 618 1449 674 Si
1469 620 1536 692 sapis

262 706 397 763 belrius.
420 706 476 762 Nisi
494 715 521 761 tu
537 723 707 779 corrumpas.
773 704 992 778 Desperatio.
1015 702 1080 770 Quae
1096 711 1123 758 te
1139 702 1204 759 illuc
1219 703 1344 778 promovi
1360 703 1434 765 loeo.
1456 712 1479 758 te
1492 721 1536 759 noa

263 801 317 848 tam
332 791 425 863 digno.
449 808 530 863 quom
553 799 582 845 tu
606 790 646 846 vel
670 790 735 864 ipsis
750 788 891 844 Philoxeni
906 788 1026 844 latomiis
1041 787 1218 860 dignissimus
1241 806 1280 844 es.
1346 787 1477 843 Eeltins.
1497 788 1539 843 tt-

198 939 201 947 ,
264 877 317 932 hnc
340 875 476 930 traducis?
541 874 757 949 Desperatio.
781 874 893 930 Latinus
915 890 945 928 es
968 890 1022 928 non
1038 873 1104 928 adeo
1119 891 1219 947 purus,
1243 873 1290 945 qni
1306 871 1407 927 debeas
1422 873 1447 927 in
1461 873 1553 929 drocis

195 968 254 1015 stt·
266 960 418 1017 transferri.
483 958 620 1016 Ecliins.
643 959 700 1014 lloe
722 976 773 1031 ego
796 975 851 1014 non
874 957 956 1014 volui.
1021 957 1235 1030 Desperatio.
1260 956 1317 1029 Ego
1341 957 1393 1012 iam
1416 957 1492 1019 abeo;
1517 966 1541 1012 tu

264 1046 354 1101 sedem
377 1061 433 1099 non
456 1053 544 1106 muta,
567 1044 619 1099 nisi
643 1043 708 1099 velis
724 1044 804 1098 vitam
819 1061 880 1100 eum
895 1051 984 1098 morte
999 1050 1175 1098 commutare
1240 1040 1377 1097 Eekius.
1401 1041 1478 1097 Solus
1499 1042 1541 1101 nie

264 1130 367 1202 absque
388 1146 446 1184 mea
469 1127 584 1191 lieliillo.
612 1128 767 1189 delitiarum
796 1128 934 1183 examine?
1019 1127 1233 1200 Desperatio.
1261 1126 1296 1181 Ut
1317 1127 1408 1182 adbuc
1429 1127 1542 1182 mundun

195 1214 405 1270 eusenius·
459 1212 596 1271 Eckius.
619 1213 678 1268 llon
702 1213 843 1274 rutundum.
867 1221 894 1268 at
909 1211 1110 1267 mundissimam
1127 1228 1211 1267 meam
1227 1210 1367 1267 Eolillam.
1432 1211 1544 1284 Despe-

263 1298 369 1357 ratio.
391 1297 556 1371 Dcsydcrere
578 1306 671 1371 potes.
694 1297 795 1353 lubere
817 1315 871 1352 non
894 1305 981 1370 potes.
1004 1313 1099 1369 quasso
1123 1296 1207 1368 igitur
1230 1305 1256 1352 te
1271 1314 1323 1369 per
1336 1296 1568 1351 Hucustruicunu

263 1380 417 1444 cucullum,
444 1382 499 1437 sive
528 1382 608 1440 etiam
638 1400 686 1455 per
708 1382 840 1440 llurrnari
864 1398 987 1442 anseres.
1016 1398 1085 1437 esne
1114 1381 1218 1437 tamdem
1242 1381 1320 1436 >hune
1342 1380 1472 1436 lie-linem
1499 1380 1546 1434 ani·

263 1484 352 1527 mum.
381 1466 427 1539 qui
452 1474 479 1520 et
502 1465 615 1522 &linas
639 1476 726 1522 vestes
749 1467 862 1522 eruisti:
893 1466 1039 1522 Monachus
1068 1483 1097 1520 es
1120 1466 1186 1526 irin.
1217 1465 1274 1520 sive
1297 1467 1362 1520 itern
1388 1465 1546 1520 monadum.

264 1550 402 1606 licinius.
420 1551 497 1605 ,Vivo
526 1551 648 1624 quidem,
676 1559 704 1606 at
732 1569 786 1607 uon
816 1559 869 1609 tour
893 1547 1010 1606 libenter
1032 1566 1112 1624 quam
1135 1550 1228 1605 forsan
1247 1549 1346 1605 debeo.
1434 1550 1547 1622 Despe-

199 1703 202 1709 .
254 1635 364 1691 ratio.
387 1635 565 1708 Quocumque
589 1643 615 1691 te
638 1645 740 1698 vemas.
764 1654 872 1697 nussam
893 1636 975 1698 banc,
1000 1652 1079 1708 quam
1096 1633 1177 1689 semel
1195 1634 1397 1706 ingressum,
1420 1650 1546 1707 nunquam

196 1722 254 1772 §.tt
266 1719 359 1777 exibis.
445 1720 579 1779 Eeltius.
603 1719 827 1794 Quandoquidem
848 1738 892 1776 res
915 1721 951 1775 ita
973 1719 1119 1781 sehabet,
1141 1719 1207 1774 boui
1228 1718 1359 1781 eonsulo;
1382 1726 1411 1773 at
1433 1720 1570 1774 tueornntt

186 1825 191 1835 ·
267 1804 375 1861 interim
398 1821 490 1868 more,
518 1821 578 1861 eom
608 1806 666 1878 ipse
689 1823 761 1861 ineas
783 1804 839 1860 alas
858 1804 1011 1865 omiserim,
1038 1805 1152 1861 adimam
1179 1803 1244 1858 item
1264 1804 1375 1859 esteris
1404 1821 1483 1876 quam
1507 1819 1547 1875 po

267 1888 504 1946 terolibertatem.
570 1890 788 1963 Desperatio.
814 1889 889 1952 Vale,
913 1888 985 1945 Eelri.
1024 1887 1182 1944 notius.
1206 1888 1312 1943 Utinam
1329 1897 1360 1943 tu
1375 1888 1463 1944 cadas.
1494 1886 1547 1960 quis

101 2049 107 2055 .
195 1976 327 2031 §.aserim
350 1974 542 2048 Desperatione
570 1973 672 2030 velem?
758 1974 974 2047 Desperatio.
1004 1973 1109 2029 Utinam
1137 1973 1185 2029 tibi
1213 1981 1307 2028 sancta
1333 1973 1490 2046 Desperatio
1514 1971 1547 2025 di·

189 2078 192 2085 ·
266 2077 346 2134 gnam
368 2058 493 2114 arborem
517 2059 665 2132 suspendio
687 2067 918 2115 conrnronstret.⁴
980 2058 1117 2113 Dellius.
1146 2056 1206 2124 Quo
1234 2065 1310 2113 cente
1331 2057 1376 2112 vix
1398 2056 1470 2111 aliud
1491 2054 1545 2111 milii

197 2146 295 2200 §.uin
318 2144 370 2200 hoc
392 2143 517 2201 hnmanae
542 2144 601 2199 vitae
623 2143 725 2218 Euripo
748 2143 835 2216 magis
858 2152 1034 2216 oportunum.
1054 2150 1148 2216 posset
1176 2143 1344 2214 contingere.
1432 2142 1569 2214 nospes

267 2229 368 2285 ratio.
393 2227 451 2283 liat
474 2245 540 2300 ergo
564 2228 637 2301 quod
660 2237 754 2302 optes:
778 2246 870 2284 verum
893 2228 1006 2283 ostende
1028 2228 1105 2301 prius
1127 2226 1251 2282 arborem
1276 2227 1324 2282 tibi
1339 2226 1478 2287 delectam,
1498 2240 1544 2297 quo

267 2312 370 2386 possim
394 2329 425 2367 en
449 2311 494 2366 illa
516 2312 661 2385 decerptos
690 2312 817 2368 surculos
844 2329 950 2374 serere.
980 2311 1216 2385 Tlreologistarum
1245 2311 1341 2367 ferinae
1364 2329 1462 2384 magno
1482 2311 1543 2364 tutu

265 2414 311 2453 ros
334 2396 404 2450 usui.
492 2396 625 2459 Eelins.
649 2396 755 2460 Placet,
778 2406 808 2452 tu
831 2397 932 2453 iactrnu
954 2405 1034 2470 putav,
1058 2414 1096 2454 ne,
1114 2395 1190 2451 solus
1213 2413 1336 2469 peream:
1365 2413 1440 2456 nam.
1463 2403 1490 2450 nt
1508 2398 1542 2448 est

267 2480 293 2535 in
318 2480 401 2537 veteri
424 2480 584 2553 proverbio,
607 2481 703 2539 Levius
726 2481 878 2538 communio
901 2490 1025 2554 tangunt.

727 2650 818 2693 risis,
833 2650 921 2691 nonu
943 2649 1093 2692 uonacur.
1376 2690 1377 2698 ,
1544 2626 1561 2664 ²⁵

268 2749 469 2756 ——0—

332 2848 343 2880 2
355 2851 464 2900 Thasos
477 2865 497 2899 s.
505 2850 635 2910 'Piraeeum
651 2850 741 2899 insule
753 2850 881 2899 'l'brncire
895 2851 923 2898 in
937 2851 1005 2899 mori
1020 2850 1130 2914 Aegaeo,
1145 2850 1366 2914 opulentissime.
1381 2848 1448 2897 nude
1461 2836 1536 2898 oden

202 2961 205 2967 ·
256 2925 399 3000 'tripodum
418 2937 527 2985 'lhostis
546 2935 687 2984 bonorum.
707 2935 743 2983 cl.
758 2932 860 2983 Zenob.
876 2935 921 2983 tv.
935 2934 977 2983 34.
998 2934 1115 2999 interpp.
1130 2934 1265 2983 Similiter
1277 2926 1403 2997 Ἀγαθῶν
1416 2923 1534 2982 θάλασσα.

170 3061 174 3065 ,
265 3010 311 3083 rip.
326 3016 483 3085 θησαυρός,
501 3008 547 3084 cip.
561 3011 714 3083 α’γαθίδες,
733 3009 778 3082 αἶγ.
792 3015 948 3083 μυρμηκια.
984 3016 994 3049 ⁴
1012 3018 1118 3068 Philon.
1132 3017 1194 3082 let]
1207 3019 1358 3080 Dionysius
1371 3018 1534 3081 Syracusanus

266 3104 445 3155 Philoxenum
464 3110 574 3170 poetam
593 3106 621 3152 in
640 3103 807 3167 lapidicinos
825 3103 960 3164 coniecit,
985 3103 1055 3167 quod
1078 3104 1101 3151 io
1125 3102 1200 3152 illins
1224 3103 1389 3167 tregoedium
1413 3098 1532 3150 emendare

266 3190 357 3238 iussus
370 3195 455 3239 totam
470 3190 618 3254 dispunxit.
638 3187 779 3237 Plutnreb.
793 3187 826 3235 de
841 3188 903 3236 tort.
918 3187 995 3238 Alex.
1009 3186 1067 3236 334.
1083 3188 1124 3236 ed.
1139 3187 1233 3238 Reislr‘.
1249 3188 1310 3236 Vll.
1325 3204 1350 3251 p.
1363 3185 1420 3236 320.
1439 3185 1475 3233 ct.
1487 3181 1531 3229 Cic.

255 3266 311 3336 ep.
325 3274 359 3321 sd
372 3274 429 3322 litt.
444 3275 489 3323 tv.
503 3275 527 3323 u.
540 3274 617 3322 Verr.
631 3274 663 3322 V.
676 3273 756 3335 Dius.
771 3285 795 3321 c.
809 3273 926 3336 interpp.
991 3269 1001 3300 ⁵
1019 3272 1164 3320 traducere
1176 3271 1343 3321 :ludibrio
1361 3270 1459 3319 babere
1473 3273 1493 3314 et
1507 3278 1531 3311 tt

268 3355 324 3404 elin
344 3357 371 3405 in
392 3358 474 3407 ellum
492 3359 615 3422 lingnam
635 3363 806 3407 conuertere.
861 3355 879 3387 ¹¹
899 3357 1056 3405 Mnrnerum
1066 3354 1268 3423 (Dittleprtbiqtr
1286 3355 1450 3420 adpellatnm
1467 3351 1530 3400 tuisse

267 3454 350 3504 supro
367 3442 438 3489 ostis
456 3443 582 3490 vidimus.
635 3439 657 3472 ²⁰
676 3443 806 3506 Euripus,
827 3442 927 3489 fretum
947 3441 1215 3505 reciprocationibus
1233 3441 1328 3490 furens
1348 3442 1419 3489 iuter
1434 3436 1529 3488 Atticen

268 3529 297 3572 et
315 3525 461 3585 Euhenum,
481 3526 515 3574 de
534 3540 586 3590 quo
605 3527 677 3574 inter
697 3525 767 3575 ulios
786 3526 885 3574 multos
904 3525 1001 3574 senec.
1016 3526 1099 3574 Hero.
1115 3525 1177 3574 Oet.
1191 3523 1250 3573 778.
1264 3540 1323 3589 sqq.

470 3610 506 3658 At
523 3625 578 3674 qua
595 3610 685 3659 nivosi
705 3611 811 3674 petitur
828 3609 973 3673 Aquilonis
992 3612 1080 3658 minsa

468 3695 588 3758 Euripus
607 3694 694 3743 under
712 3695 802 3744 flectit
821 3694 962 3743 instabilis
980 3707 1068 3759 vegas

469 3778 635 3842 septemque
655 3793 750 3829 cursus
768 3778 855 3829 volvit
874 3785 902 3827 et
920 3779 1036 3828 totidem
1054 3779 1149 3839 refert,

428 3877 434 3883 ’
466 3864 537 3912 Dum
555 3861 631 3912 lesse
649 3861 734 3912 Titan
753 3867 860 3928 mergat
878 3864 991 3913 Oceano
1010 3864 1084 3928 linge.

331 3946 354 3979 ¹²
373 3948 470 3997 tarinae
487 3967 522 3990 ε
540 3948 660 3996 exomini
678 3947 737 3997 vili.
757 3961 779 3983 ’-
807 3946 829 3981 ²¹
846 3946 961 4013 Levius]
986 3937 1159 4005 Ἐνκαιναίς
1177 3951 1340 4011 συμφοραῖς
1364 3934 1526 4010 notvqrelrttt

265 4031 466 4098 παραμυθίαν.
485 4033 600 4098 Niceph.
615 4033 664 4081 Cb.
680 4050 721 4098 ep.
736 4032 777 4083 82.
791 4035 809 4081 i.
824 4033 843 4082 f.
871 4033 1009 4081 Usitotins
1026 4025 1125 4082 κοινὸν
1145 4023 1286 4095 ναυάγιον
1303 4035 1363 4088 τοῖς
1380 4030 1443 4080 πᾶσι
1459 4035 1525 4084 aaut·

182 4123 185 4131 '
265 4110 386 4181 μύθιον.
402 4117 551 4168 Commune
565 4118 742 4183 naufragium
756 4118 881 4167 omnibns
894 4117 1025 4166 solatium
1039 4121 1089 4181 est
1103 4116 1227 4181 Apoetol.
1241 4116 1338 4166 tutto.

759 4364 1112 4402 n-b-..ff-
