3188 5422
721 1247 1079 1311 rubuario,

323 1508 452 1556 lnoobmn
472 1506 582 1554 Sobium
602 1505 796 1555 Coloniensem
808 1503 888 1553 buius
901 1503 1007 1567 dialogi
1021 1508 1161 1552 auctorem
1175 1518 1235 1551 esse
1250 1503 1376 1566 quamvis
1390 1504 1448 1551 eius
1461 1517 1539 1566 requa-

256 1602 289 1650 tis
309 1601 433 1664 idemque
452 1598 593 1665 popularis
612 1597 913 1647 llcnriousCornolius
932 1597 1055 1662 Agrippa
1081 1613 1098 1645 a
1120 1595 1295 1645 Netlosbeim
1319 1596 1348 1644 in
1373 1595 1491 1660 epistula
1512 1594 1539 1642 ad

255 1694 440 1743 llrcnnonium
460 1690 484 1742 d.
502 1688 540 1740 tu.
555 1693 615 1741 lun.
630 1708 655 1741 a.
672 1690 744 1740 1520.
759 1691 864 1757 scripta
884 1690 973 1751 (llutt.
988 1690 1058 1754 Opp.
1071 1689 1124 1739 vol.
1139 1690 1161 1738 1.
1181 1701 1206 1750 p.
1220 1687 1279 1738 360.
1298 1691 1323 1748 §.
1338 1688 1379 1754 4.]
1398 1695 1491 1753 aperte
1507 1693 1538 1735 te-

255 1791 345 1834 status
363 1785 413 1851 sit,
433 1792 516 1849 atque
535 1784 599 1834 huic
618 1785 777 1834 testimonio
797 1784 868 1848 quod
886 1788 1033 1848 repugnet,
1054 1781 1139 1842 nihil,
1164 1797 1226 1845 quie
1249 1798 1314 1832 vero
1334 1783 1361 1831 id
1382 1780 1539 1841 confirment,

255 1895 325 1928 sana
344 1878 453 1942 quidem
473 1884 637 1943 argumenta
654 1877 735 1942 plura
758 1893 820 1926 seue
844 1877 977 1938 offerunt,
1002 1881 1095 1925 tamen
1114 1874 1246 1924 Simlerus
1265 1875 1294 1924 in
1312 1875 1491 1925 Gesncrianae
1508 1874 1539 1922 bi·

255 1971 404 2021 bliotbeeae
424 1972 545 2037 epitoma
564 1970 674 2036 (Tigurl
693 1986 717 2019 a.
735 1969 807 2019 1574.
828 1968 875 2018 sol.
895 1986 921 2034 p.
936 1969 1006 2032 3⁶24.)
1026 1974 1053 2018 et
1072 1968 1223 2033 posthunc
1242 1968 1378 2033 Iosephus
1390 1968 1538 2018 Hartzhein

256 2063 334 2126 (bibl.
349 2064 506 2114 Coloniam.
530 2063 602 2112 1747.
622 2063 668 2112 fol.
689 2080 715 2128 p.
728 2061 801 2126 liri.)
821 2062 897 2112 Sobii
916 2078 977 2112 esse
996 2062 1068 2112 hunc
1087 2061 1224 2127 dialogum
1245 2078 1261 2110 a
1280 2063 1444 2126 quibusdam
1458 2063 1528 2112 existi

255 2158 325 2206 mari
344 2158 528 2222 scripserunt,
548 2156 597 2206 scd
615 2172 669 2205 non
689 2159 769 2220 quasi
787 2155 820 2205 de
839 2156 969 2220 Agrippa·
988 2156 1148 2204 testimonio
1166 2154 1344 2218 dubitarent,
1369 2156 1418 2205 sod
1442 2157 1502 2220 quia
1517 2154 1537 2202 id

256 2254 348 2298 extare
370 2251 575 2314 ignoraverunt.
604 2251 705 2314 ,ltaque
725 2250 821 2298 mitum
840 2264 894 2298 non
914 2255 956 2297 est
975 2246 1045 2298 alios
1058 2249 1152 2312 quine
1165 2249 1246 2298 liuius
1260 2249 1371 2313 quidem
1385 2250 1536 2299 coniectura·

255 2343 383 2391 notitiam
402 2343 557 2402 habebant,
582 2343 735 2392 Huttennm
754 2349 895 2392 auctorem
915 2335 976 2392 osse
999 2342 1149 2406 suspicari:
1174 2357 1235 2405 qum
1260 2342 1371 2406 quidem
1394 2344 1534 2408 suspicion

255 2435 408 2485 Melchiora
426 2434 531 2485 adamo
550 2433 609 2497 (vit.
623 2436 701 2484 Hutt.
716 2436 734 2488 i.
749 2436 790 2499 f.),
810 2434 898 2484 Paulo
916 2434 1039 2485 Frobero
1058 2434 1181 2497 (Theatr.
1200 2436 1266 2485 virt.
1281 2437 1357 2486 erud
1376 2436 1455 2486 clarr.
1476 2436 1533 2483 lusu.
1575 2491 1580 2506 ι

256 2527 304 2577 sol.
324 2545 350 2593 p.
364 2527 456 2590 aute),
475 2528 624 2577 Vincentio
642 2528 757 2578 Placcio
777 2528 902 2590 (Theatr.
917 2512 1075 2591 anonymor.
1093 2527 1246 2593 Hamlrurg.
1264 2528 1336 2578 1708.
1358 2530 1405 2579 ror.
1424 2532 1464 2579 De
1481 2527 1533 2577 scri·

256 2621 355 2687 ptorib.
369 2621 546 2686 pseudonym.
565 2638 591 2686 p.
605 2622 663 2671 rut).
683 2638 709 2670 n.
724 2621 824 2684 ullu),
845 2621 928 2670 Petro
947 2621 1034 2670 Baelio
1053 2620 1186 2683 (lliction.
1201 2621 1249 2679 uit.
1266 2623 1345 2672 llntt.
1359 2628 1415 2673 not.
1429 2623 1486 2684 bu),
1502 2622 1530 2669 lo.

256 2718 339 2777 Petro
357 2715 495 2765 Niceronc
515 2714 663 2777 (versionis
676 2716 837 2779 Baumgart.
851 2717 915 2763 tom.
930 2714 977 2763 XI.
992 2732 1016 2779 p.
1031 2712 1090 2763 323.
1104 2730 1131 2762 n.
1145 2714 1208 2774 ll),
1229 2716 1261 2764 1⁴¹.
1276 2716 1308 2765 G.
1323 2717 1471 2782 Freytagio
1482 2713 1529 2778 (Ad-

230 2825 314 2873 .par.
329 2807 415 2857 litter.
433 2807 505 2857 1755.
524 2808 560 2865 8⁰.
579 2809 630 2856 111.
649 2824 675 2873 p.
690 2805 763 2871 304.)
784 2812 812 2856 et
831 2806 894 2856 aliis
913 2808 954 2856 ita
973 2806 1137 2872 pervulgata
1155 2812 1211 2869 cat,
1231 2814 1262 2857 ut
1281 2810 1337 2858 iarn
1356 2808 1529 2863 Bnrclrbardus

256 2905 292 2963 (a.
310 2900 382 2951 1723.
403 2902 545 2950 vitllutt.
565 2901 601 2950 11.
620 2917 646 2966 p.
661 2899 732 2962 304.)
757 2900 905 2950 ‘nerninem
925 2900 1011 2950 ferme
1032 2917 1092 2950 csse
1112 2903 1205 2966 quiin
1229 2902 1342 2952 dubium
1367 2909 1458 2964 vocet,
1480 2901 1527 2966 quin

256 2995 421 3044 lluttcniani
441 2995 548 3059 ingenii
568 2994 641 3043 setus
659 2995 714 3055 sit',
735 2991 905 3056 adfirmaret,
932 2994 1003 3058 quod
1022 2995 1161 3044 Panzerus
1181 2995 1225 3057 (U.
1239 3012 1264 3046 v.
1278 2997 1359 3045 Hntt.
1380 3014 1404 3062 p.
1420 2995 1482 3058 lua.)
1497 3010 1525 3042 ro-

256 3087 350 3151 potiit,
372 3089 497 3151 quamvis
515 3087 692 3147 bleincrsius,
710 3088 770 3136 sive
790 3086 906 3136 consilio
925 3088 985 3136 sivo
1004 3087 1196 3152 neglegentia,
1218 3089 1383 3139 Hennoncrn
1397 3089 1523 3139 intcrHut·

255 3180 314 3228 tcni
333 3182 437 3245 scripta
455 3196 509 3230 non
527 3182 666 3245 receperit
684 3195 787 3244 neque,
808 3181 832 3228 si
852 3179 921 3229 bene
935 3181 1059 3237 memini,
1079 3196 1193 3245 usquam
1207 3185 1404 3234 memoraverit
1416 3199 1477 3233 cum
1500 3180 1523 3226 ll

255 3287 322 3320 voro
341 3287 402 3336 quae
414 3272 562 3322 Miinchius
581 3274 661 3338 (Epp.
676 3274 709 3321 Ο.
723 3273 756 3321 V.
770 3273 846 3338 Lips.
857 3272 930 3322 1827.
944 3272 1049 3338 plu.)
1069 3275 1211 3335 deliravit,
1232 3275 1371 3340 lepidiora
1388 3281 1448 3327 suut
1464 3285 1522 3338 qum

193 3394 204 3411 -.
256 3378 316 3426 quie
336 3365 464 3414 omittere
490 3365 588 3415 liceat:
620 3366 712 3415 inanis
736 3367 879 3415 iactantia·
904 3367 983 3416 homo
1006 3366 1067 3417 baec
1091 3369 1225 3432 praetatus
1252 3375 1311 3418 est:
1338 3348 1420 3432 „Allo
1440 3372 1521 3432 apolon

257 3456 411 3505 lrearuener
429 3459 541 3519 llutlcns
560 3459 683 3522 pllicluen
706 3460 747 3507 ilrr
775 3458 839 3524 [der
858 3459 991 3524 ,lleluunp
1023 3462 1084 3510 duaa
1103 3461 1201 3510 Hellen
1226 3463 1274 3510 der·
1302 3464 1440 3525 Versusser
1459 3462 1521 3509 dieser

256 3548 365 3598 liberum
381 3550 551 3614 ueklupendea
570 3553 664 3614 Satyro
682 3526 756 3614 seps,
773 3555 818 3610 ›au
836 3555 907 3600 einer
931 3546 1122 3617 auapenroelten
1141 3553 1237 3615 Suelio,
1262 3555 1311 3604 bei.
1350 3557 1391 3605 Da
1412 3555 1467 3604 iiber
1485 3551 1520 3599 dic·

254 3658 300 3690 acu
319 3643 413 3705 Iliolop
430 3643 490 3692 selrr
513 3645 593 3708 menip
613 3644 721 3694 Nolizeu
742 3645 889 3695 voilimulon
911 3648 984 3708 sind,
1015 3662 1043 3696 ro
1067 3651 1129 3695 bissi
1151 3647 1205 3696 sicle
1228 3647 1290 3697 eben
1314 3651 1400 3698 oedcr
1417 3650 1458 3711 fiir
1476 3641 1519 3692 noel

255 3737 335 3784 ruirler·
346 3736 411 3796 jene
430 3736 600 3801 Behuuplunp
618 3740 694 3786 nieles·
711 3755 813 3803 supera*
837 3740 891 3788 Der·
908 3739 961 3788 Tou
980 3741 1032 3788 und
1048 3741 1089 3788 die
1103 3740 1219 3804 Spraclre
1237 3742 1356 3791 sedeloco
1375 3760 1419 3791 uns
1433 3740 1518 3789 sonem·

255 3829 304 3877 liele
322 3830 353 3876 im
367 3830 451 3878 Geiale
464 3830 588 3888 Hellana,
608 3832 660 3879 und
677 3833 725 3880 ulle
743 3849 791 3889 oon
809 3833 856 3880 ilmr
875 3834 982 3894 nielfmd
1000 3833 1198 3897 ‹adpellandellcn
1212 3835 1457 3900 Lieblinpsmolen'eu
1471 3830 1517 3877 llll·

255 3938 322 3980 men,
342 3923 384 3970 mil
404 3939 489 3971 rrerrem
509 3923 584 3972 licizc
602 3931 783 3986 (trimestrium,
804 3927 867 3974 (recole
884 3926 940 3975 ler'er
958 3927 1052 3975 wieder
1070 3944 1123 3979 ror.
1165 3927 1224 3976 uir
1241 3928 1376 3978 homerica
1399 3928 1469 3978 dolor
1486 3932 1519 3968 nu

254 4031 283 4064 ao
301 4018 361 4073 niel,
382 4017 443 4065 dosa
461 4017 493 4064 im
510 4018 675 4066 aeclzelrnlen
693 4018 868 4067 hlabuerunt
887 4017 1026 4069 Iohannes
1045 4018 1150 4069 Sobiius
1168 4020 1208 4069 bei
1225 4020 1336 4084 Einipen
1351 4025 1398 4084 sair
1415 4023 1456 4070 der
1473 4014 1518 4064 Vct·

252 4110 342 4169 foaser
357 4113 423 4172 pult,
455 4126 501 4159 uon
521 4110 576 4159 ilem
593 4113 640 4158 mir
657 4111 778 4173 abriperis
796 4112 864 4160 niele!
882 4116 985 4170 missen,
1016 4112 1047 4162 od
1065 4129 1095 4161 er·
1112 4112 1225 4163 mirkliclr
1243 4121 1319 4162 render
1342 4116 1432 4164 diesem
1448 4111 1517 4160 Naue*

252 4200 350 4264 polede,
376 4204 441 4251 oder
458 4202 489 4250 ob
507 4218 535 4252 es
552 4203 620 4252 blora
638 4205 677 4252 ein
696 4218 903 4267 anpenonnncucr
928 4207 1006 4254 Nunc
1029 4222 1082 4269 rep.
1120 4207 1180 4268 slus
1197 4206 1289 4256 keinea
1313 4208 1371 4257 Fau
1388 4209 1460 4269 findet
1478 4208 1517 4248 ull

256 4292 298 4341 ilur
316 4299 390 4343 noter
408 4296 457 4344 den
476 4296 538 4344 araeclr
557 4313 605 4344 nter
622 4296 747 4360 holbrueps
766 4296 911 4347 ber-dbruen
928 4297 1132 4360 Schrifestellcrn
1153 4296 1182 4363 [i.
1198 4280 1221 4348 c.
1236 4301 1296 4348 uita
1310 4302 1369 4350 eiua
1383 4302 1409 4349 in
1422 4294 1517 4348 lochen

253 4399 307 4433 non
325 4384 452 4451 legitur],
472 4389 524 4436 und
541 4401 568 4437 es
586 4405 651 4438 rausa
669 4391 701 4437 im
718 4388 804 4438 beaten
824 4389 881 4438 r'au
898 4391 938 4439 cin
957 4391 998 4440 ber·
1015 4395 1087 4440 ollem
1107 4391 1184 4441 Genio
1203 4394 1255 4442 und
1276 4395 1449 4456 aprurlebulen
1467 4382 1516 4436 pu:

253 4475 363 4526 uberum
381 4478 562 4529 bescleideuer
581 4482 715 4531 Gelam-ter
730 4498 845 4546 penes-en
862 4486 950 4547 sepn'’.
988 4485 1020 4534 In
1043 4484 1086 4533 his
1108 4485 1222 4534 somniis
1246 4487 1292 4535 vix
1315 4486 1424 4551 singula
1445 4475 1516 4530 verbb
1582 4488 1583 4492 ’

253 4568 346 4617 omnia
369 4571 429 4620 sine
454 4573 643 4623 concinnitate
668 4576 809 4636 nutantia,
839 4576 893 4625 sibi
917 4592 971 4626 non
990 4577 1051 4641 ipsa
1070 4579 1305 4642 contrariaeunt,
1326 4580 1385 4630 acsi
1403 4592 1445 4642 pro
1460 4578 1516 4620 ⁰⁰¹⁰·

253 4657 326 4708 bello
344 4660 506 4723 pulticulam
525 4665 693 4716 multiferum
712 4669 855 4733 scriptoris
875 4675 960 4734 caput
978 4671 1156 4721 condidisset.
