3262 5430
247 354 295 425 90
511 369 575 420 llll.
645 334 782 418 ronrrun.
819 383 958 419 ornooovs
978 384 1163 420 nrrrsurcvo.
1183 369 1266 433 (tato.)

247 539 354 619 ereptis
377 537 551 614 coniugibus
579 536 692 598 soleant
721 539 831 607 mariti,
864 536 1078 616 conciliansque
1106 538 1170 599 illas
1197 539 1252 599 sibi
1282 557 1390 618 magno
1413 540 1539 615 negotio,

245 641 371 702 rrraximo
398 638 478 700 alere
505 646 641 717 somptu;
681 640 751 718 ipsis
779 656 828 699 eas
856 639 980 699 vicissim
1008 638 1096 700 verba
1122 640 1209 709 dare,
1237 640 1330 700 iurari
1359 659 1393 699 ac
1423 655 1539 718 rapere,

245 742 350 801 deiude
373 741 525 801 facultates
548 740 598 800 ubi
621 739 783 818 absumptae
807 759 861 800 nec
883 741 939 800 iam
963 740 1034 801 lerri
1057 740 1180 801 ulterius
1195 743 1327 819 impensa
1352 741 1442 817 (rinod
1459 759 1539 819 saepe

245 845 336 919 lieret)
367 840 471 920 possin
502 844 655 920 imponere
682 840 761 911 illos,
792 841 945 910 fraudare,
974 842 1123 903 abiurare
1140 842 1288 910 deblaim,
1317 844 1414 902 notari
1443 841 1481 902 ob
1508 843 1541 901 id

245 942 376 1012 iufamia,
406 943 513 1021 privari
541 942 729 1011 sacerdotiis:
760 942 864 1003 exinde
893 945 921 1003 in
951 943 1152 1013 morbosnon
1176 942 1399 1022 habentesque
1422 941 1563 1003 alaotors

245 1050 296 1103 ant
317 1052 473 1110 curentur,
498 1045 526 1102 in
549 1060 663 1103 summa
685 1044 721 1103 ad
745 1059 880 1119 magnam
904 1045 996 1121 redigi
1020 1045 1177 1104 miseriam.

177 1130 255 1197 l·⁶¹⁵·'
309 1163 480 1206 urrrnurs.
519 1143 610 1222 lgitnr
632 1162 691 1204 non
716 1145 784 1204 ridit
805 1151 917 1205 tantum
940 1146 1003 1206 deri
1025 1144 1062 1204 ab
1087 1146 1120 1205 ils
1142 1144 1204 1205 brec
1227 1145 1377 1223 luppiter,
1391 1172 1394 1176 ⁴
1408 1145 1462 1205 sed
1485 1152 1545 1205 sta·

245 1245 299 1304 tuit
321 1246 384 1323 ipse
407 1247 491 1308 etiam
516 1245 592 1305 bano
613 1245 669 1305 illis
691 1248 827 1324 pomam?
1352 1248 1357 1256 '

307 1365 460 1406 ronrrun.
498 1345 540 1406 lta
563 1345 708 1406 (licentem
731 1347 834 1408 andivi.

306 1466 479 1514 arrosus.
516 1447 552 1507 lt
574 1466 640 1508 eum
665 1450 756 1525 magis
778 1467 866 1526 quam
889 1456 917 1508 te
939 1467 1049 1509 eaeoum
1073 1466 1136 1509 esse
1159 1446 1333 1518 arbitrabar,
1357 1450 1485 1526 quinon
1500 1451 1580 1509 vi-r·

247 1547 402 1618 dorotea,
426 1567 521 1627 neque
544 1550 620 1608 enirn
643 1551 667 1608 si
691 1549 815 1617 rideret,
840 1550 983 1625 contineri
1006 1549 1162 1610 credebam
1179 1568 1237 1627 qno
1254 1551 1350 1608 minus
1366 1551 1547 1610 omniauuo

243 1650 272 1709 in
295 1647 359 1710 illos
381 1648 432 1710 die
451 1649 644 1710 eiacularetur
667 1649 796 1716 lubuina.

286 1771 459 1827 ⁸roimvua¹
498 1750 570 1811 Cara
601 1749 640 1811 illi
662 1752 808 1830 possessio
831 1750 941 1812 fulmen
965 1758 1023 1819 est,
1052 1752 1142 1827 igitur
1164 1755 1226 1814 elin
1248 1751 1314 1811 loco
1337 1771 1372 1811 ca
1394 1771 1467 1830 quac
1483 1753 1546 1813 (lizi

243 1851 395 1937 iaculatur.
441 1853 515 1913 adde
538 1853 615 1931 quod
639 1853 787 1912 orationes
809 1853 923 1922 dieunt,
947 1854 1061 1931 quoties
1084 1860 1165 1912 tonat
1187 1852 1247 1918 ille.
1278 1852 1574 1930 proscindemus·

246 1952 364 2013 tulmina
387 1955 561 2014 iuramento.
1456 2000 1465 2025 Δ,
1554 1967 1578 2006 2⁵

307 2075 479 2117 averanus.
517 2055 596 2124 Quas
618 2062 719 2115 eontra
743 2053 862 2114 morbos
884 2072 942 2114 non
966 2054 1067 2114 dicunt
1089 2063 1118 2115 et
1139 2053 1336 2115 concubinas?

176 2163 233 2213 §.aa
306 2177 459 2218 roorvsn.
497 2157 648 2224 Dicerent,
673 2175 739 2216 curu
762 2157 896 2217 interimis
916 2156 952 2216 ad
975 2174 1076 2233 peenas
1097 2155 1150 2216 bas
1173 2155 1380 2235 cupiditatibus
1390 2157 1543 2217 iurantur.

307 2278 480 2327 averanus.
519 2257 667 2334 intelligo,
690 2277 706 2317 a
730 2256 848 2336 crapula
871 2257 968 2318 morbi
989 2264 1075 2325 sunt,
1097 2276 1113 2316 a
1136 2256 1308 2317 concubinis
1324 2257 1544 2335 Μινυήιον-νγ·

243 2359 471 2438 ponticonem
502 2358 552 2418 sed
583 2377 641 2417 non
670 2360 699 2418 iu
723 2376 826 2419 onmes
847 2356 990 2419 iaculatur
1018 2359 1082 2419 brec
1110 2358 1232 2419 lnlmlna
1254 2359 1400 2436 luppiter,
1432 2357 1545 2418 multos

245 2459 300 2519 ridi
323 2465 467 2536 perpdno
492 2459 590 2520 felices
613 2461 690 2520 eninr
713 2462 777 2521 sine
799 2459 917 2528 labore,
940 2460 1003 2520 sino
1027 2461 1144 2536 negotio
1168 2467 1197 2520 et
1220 2477 1319 2538 opere.
1552 2477 1578 2515 ιο

308 2580 461 2621 ronrvun.
499 2560 562 2638 Ego
585 2578 644 2621 non
668 2561 734 2620 vidi.

90 2712 92 2715 ,
176 2675 234 2723 tos.
307 2681 479 2722 uvrrnurs.
517 2660 600 2722 Hand
620 2663 734 2724 vrnirum
764 2680 830 2722 eum
853 2660 924 2721 nibil
948 2662 1060 2730 rideas;
1089 2663 1112 2721 si
1139 2659 1241 2721 oeulos
1268 2660 1321 2721 tibi
1343 2678 1413 2721 vcro
1436 2663 1546 2723 reddat

243 2780 372 2841 unquam
395 2761 542 2840 luppiter,
567 2769 599 2822 ut
620 2761 806 2841 crapolantes
828 2761 906 2830 lbos,
936 2770 1099 2823 scortantes
1122 2770 1151 2823 et
1172 2764 1201 2823 iu
1224 2760 1344 2822 multam
1368 2781 1468 2841 usqne
1490 2783 1544 2824 ao·

243 2872 318 2926 otoni
341 2871 559 2942 pergrrreantes
582 2866 721 2924 intuearis
743 2866 853 2924 otiosos
875 2863 1047 2942 nullumque
1070 2864 1105 2924 ad
1129 2882 1230 2932 nsunt,
1254 2862 1323 2941 quid
1347 2863 1456 2924 iacies?
1482 2898 1485 2901 -

250 3020 252 3027 ,
325 2985 478 3028 rourvun.
516 2965 634 3027 Febres·
651 2964 817 3033 oonlestim,
842 2965 988 3044 podagras
1010 2973 1059 3025 aut
1081 2963 1144 3024 illas
1159 2966 1323 3031 immisero,
1348 2972 1381 3024 ut
1396 2964 1578 3044 ltrqrpitems

242 3067 429 3130 concubinas.

305 3190 487 3232 nannenus...
515 3167 755 3232 Utinamoenlos
778 3167 895 3229 babeas.

303 3292 457 3336 roervun.
496 3271 644 3332 llabeaml
677 3278 705 3330 te
735 3288 803 3331 vero
832 3272 856 3331 si
885 3287 1067 3347 conspexero
1099 3266 1307 3348 locupletatum
1343 3270 1400 3328 iam
1435 3270 1544 3332 eadem

242 3379 349 3448 ageret

174 3474 236 3524 lator
275 3448 475 3533 'rivareuvs
513 3473 588 3532 'lum
612 3490 680 3532 vcro
703 3471 858 3549 dupliciter
881 3473 933 3531 ista
956 3471 1086 3531 immitte.
1471 3517 1476 3519 >
1551 3489 1578 3528 aa

260 3601 272 3620 -·
304 3591 456 3633 rourum.
493 3574 532 3633 tt
550 3572 663 3634 divitias
684 3574 773 3650 pelis,
803 3574 878 3632 riam
900 3573 936 3632 ad
959 3572 1122 3633 istiusmodi
1145 3574 1208 3632 titre
1230 3590 1324 3650 genus
1346 3571 1482 3650 quauam,
1513 3581 1543 3633 ot

241 3690 314 3750 oues
336 3674 379 3732 ris
401 3673 525 3733 tribuam
550 3673 617 3742 tibi,
641 3675 821 3740 irritamenta
844 3672 1013 3742 malorum.
1028 3681 1060 3732 nt
1082 3673 1129 3733 ille
1152 3674 1230 3734 dixit

282 3795 475 3836 xtirrannus.
514 3775 590 3836 itinn
613 3776 724 3844 minua,
748 3776 880 3845 domina,
904 3774 956 3836 sed
978 3794 1045 3836 oum
1068 3774 1209 3852 Tbeogne

414 3867 482 3936 οὔτ’
507 3875 627 3955 ἔραμαι
650 3876 825 3954 πλουτεῖν,
850 3869 919 3937 οὔτ’
946 3870 1098 3956 εὔχομαι·
1123 3870 1208 3936 ἄλλοί
1226 3895 1288 3955 ,μοι
1308 3877 1362 3956 ,είιγ

465 3971 613 4059 {finolam
636 3977 703 4038 τοῖν
726 3970 865 4056 ὀλίγων,
888 3975 995 4058 μηδὲν
1017 3977 1126 4057 ἔχοντι
1149 3973 1264 4038 κακόν.
1549 3995 1577 4034 as

240 4081 277 4142 Et
299 4089 330 4141 ut
351 4079 510 4150 Pindarus,
541 4097 642 4142 sanant
670 4078 862 4140 substantiam
885 4099 919 4140 ac
940 4081 1121 4141 necessarias
1143 4080 1206 4139 vitre
1228 4080 1431 4157 possessiones
1453 4080 1540 4141 adse·

241 4202 298 4209 m—
328 4203 361 4207 0-
368 4201 442 4207 ..u-

306 4265 317 4297 ²
331 4265 400 4332 ipl'io
413 4283 461 4316 eos
475 4270 499 4315 2.
544 4264 565 4298 ¹⁴
578 4263 728 4330 orationes]
743 4266 924 4330 precationes.
972 4264 994 4297 ²⁰
1008 4263 1089 4330 onim]
1104 4266 1147 4314 Sic
1159 4268 1238 4314 iniuria
1250 4272 1320 4315 recte
1332 4265 1381 4315 doc
1392 4266 1539 4315 erconbertum
1554 4290 1566 4314 ι

239 4352 386 4401 con'orubut
395 4353 428 4401 ll.
465 4350 487 4383 ³³
498 4352 595 4401 eadem
608 4349 702 4416 agore]
716 4349 846 4400 similitor
859 4366 892 4400 nc
905 4351 1064 4400 sacerdotes
1078 4351 1146 4399 istos
1159 4355 1186 4398 te
1200 4350 1303 4399 vivero.
1339 4349 1361 4381 ³³
1374 4351 1539 4400 iritamenta

241 4439 263 4483 1.
284 4435 531 4488 Ovi‹l.1uot.lrllll.
579 4435 601 4468 ³³
614 4433 749 4501 Theogn]
764 4451 807 4486 vv.
822 4433 903 4483 ital.
916 4449 974 4499 sqq.
994 4435 1088 4498 Neque
1104 4435 1185 4499 cupio
1198 4434 1313 4483 divitias
1326 4450 1415 4498 neque
1428 4451 1536 4500 precor,

217 4520 287 4567 seed
310 4504 391 4571 detor
413 4520 480 4568 mibi
503 4523 595 4571 rivere
620 4521 729 4585 paucis,
755 4519 838 4569 nullis
861 4519 978 4569 obnoxio
1004 4519 1092 4569 molis.
1146 4518 1169 4549 ³³
1186 4508 1455 4571 ονκ...ο’νδ..,ἕιοι
1471 4523 1534 4570 1.·2.

240 4599 262 4630 ³³
281 4591 416 4665 ὀλίγον-2.
485 4602 508 4633 ³³
526 4605 662 4655 Pindarus
681 4604 788 4668 Olymp.
808 4605 840 4652 V.
854 4605 872 4652 i.
887 4605 906 4653 f.
925 4593 1043 4667 ὑγίεντα
1063 4596 1089 4652 δ’
1108 4600 1139 4653 εί
1153 4619 1195 4660 cer
1211 4592 1300 4669 ὄλβον
1317 4593 1415 4666 ἄρδει,
1432 4603 1436 4665 Ι
1452 4596 1536 4668 ἔξαγ-

240 4677 312 4732 κέων
330 4679 473 4734 κνέατεοσι
492 4681 540 4735 καὶ
561 4678 694 4751 εὐλογίαν
717 4685 897 4750 apostaticis,
921 4681 960 4753 μὴ
983 4680 1127 4753 μαντεύσῃ
1151 4681 1222 4746 θέον
1246 4685 1392 4753 γενέσθαι.
1430 4691 1536 4738 sanam
