3270 5430
234 378 285 451 68
534 391 586 442 111.
657 405 796 442 araavcvs
816 406 838 440 s.
858 405 939 440 avan.
976 404 1126 440 oracoova.
1146 388 1229 453 (tata.)

488 496 498 526 Ι

234 572 285 624 aut
306 562 430 641 poplites
451 563 493 621 tui
516 562 541 621 si
562 560 697 620 officium
713 559 754 619 toi
777 561 874 620 minus
895 561 967 619 scite
990 559 1111 630 iaciant,
1134 559 1357 635 cavendumque
1380 563 1413 616 ut
1434 556 1533 615 omnia

235 667 292 724 sint
313 662 427 730 mollia.
464 661 612 740 perfracta
634 662 747 730 munla,
776 668 808 721 ut
835 678 910 738 opus
924 662 968 720 sit
989 661 1077 720 docto
1098 661 1184 721 alictii
1207 659 1417 719 conmdiarom
1437 654 1534 716 'actori

236 783 357 844 operam
386 763 502 824 dedisse
524 781 557 822 ac
580 763 779 823 histrionicam
803 761 954 828 didicisse,
989 779 1047 840 quo
1071 763 1183 840 nequid
1211 764 1240 823 in
1267 758 1534 836 congenoclatioue‘

238 866 404 927 aberretur.
453 865 532 940 ‚Qua
566 882 633 924 cum
667 864 820 924 vanissima
849 864 952 922 *cornia
985 865 1056 933 sint,
1098 860 1196 924 tamen
1230 862 1389 941 marimum
1423 861 1453 919 in
1489 859 1535 918 liis

167 968 295 1033 §.radici
324 967 498 1028 absumitur.
548 964 658 1026 Mnus
686 965 885 1042 apparitiones
909 964 966 1024 illae
988 964 1089 1044 quales
1115 972 1183 1042 supt
1207 963 1326 1043 mando
1351 970 1429 1022 totas
1454 979 1555 1021 non-s

237 1086 388 1147 uunquam
405 1080 462 1126 'sex
485 1065 573 1126 horas
595 1065 732 1125 amodum
755 1073 799 1125 est
822 1083 880 1125 uno
903 1067 986 1144 quasi
1008 1068 1037 1125 in
1067 1067 1201 1145 vestigio,
1231 1063 1349 1144 qrando
1371 1063 1431 1123 ltuc
1454 1061 1533 1129 illuc,

175 1179 181 1190 ’
237 1188 355 1232 marm
377 1168 517 1228 dcorurm
539 1166 792 1244 procurrendum,
816 1167 933 1244 quando
955 1169 1133 1245 equitantem
1157 1165 1236 1226 ἰΙΙιιπι
1258 1164 1433 1244 per-orbem
1448 1164 1535 1223 fessis

237 1273 286 1333 diu
309 1269 435 1349 pedibus
457 1270 541 1347 sequi
563 1274 694 1346 oportet,
727 1267 844 1346 qraodo
866 1269 894 1328 in
918 1266 1074 1346 plurimam
1097 1268 1268 1347 frequenter
1289 1275 1407 1327 noctem
1430 1265 1535 1325 onaa-

238 1371 351 1433 vandus
373 1378 418 1443 est
439 1371 510 1432 dom
533 1388 548 1429 a
572 1367 703 1429 oouvivio
726 1368 841 1437 redeat,
865 1369 1028 1447 quandoid
1043 1377 1115 1430 aestu
1130 1388 1165 1429 ao
1180 1369 1290 1445 frigore
1305 1365 1535 1428 excubandum?

168 1462 229 1534 §.ia
240 1474 276 1535 lit
297 1485 365 1534 sunt
387 1472 521 1532 homiues
543 1472 603 1549 qui'
616 1473 644 1531 in
667 1471 713 1531 his
727 1472 866 1530 arcionis
881 1474 1101 1549 vitamputcnt,
1126 1472 1174 1549 qui
1190 1473 1218 1530 lo
1234 1470 1291 1530 lroc
1306 1468 1432 1529 volutari
1447 1485 1567 1527 canon

240 1570 346 1652 volupe
363 1573 524 1633 admodum
547 1573 656 1633 ducant
678 1581 708 1632 et
729 1591 784 1650 pro
807 1571 918 1632 deliciis
939 1572 1068 1633 habeant
1089 1572 1153 1631 hac
1175 1573 1273 1633 lusere
1303 1571 1430 1648 hacque
1455 1570 1532 1647 pati:

237 1677 320 1755 quasi
342 1674 451 1754 aliquid
474 1672 571 1734 adhoc
593 1675 709 1733 intersit
731 1675 807 1733 inter
828 1672 953 1733 aulicam
975 1675 1170 1751 captivitatem
1186 1679 1215 1733 et
1230 1690 1281 1732 eos
1296 1669 1345 1750 qui
1362 1668 1440 1730 bello
1456 1669 1533 1746 capti

237 1778 343 1838 'luscis
368 1777 516 1842 uniunt,
547 1781 599 1835 aut
626 1776 730 1835 serviri
759 1775 942 1854 principibus
969 1777 1042 1835 citra
1071 1775 1274 1835 assentationis
1301 1774 1401 1832 vitium
1425 1772 1532 1849 possit:

237 1896 304 1958 qun
324 1884 395 1938 sunt
416 1879 494 1937 enim
518 1877 570 1936 ista
593 1875 749 1955 pauloante
772 1895 787 1936 a
811 1895 858 1936 me
880 1878 1075 1954 pertractata?
1105 1894 1171 1955 quae
1199 1874 1312 1935 cdamsi
1333 1873 1370 1933 ad
1393 1873 1533 1933 amussim

239 1981 344 2058 exequi
366 1979 485 2040 strideas
507 1985 536 2037 ct
558 1977 676 2039 allicere
698 1977 777 2056 qood
800 1977 915 2054 placeat
935 1979 1075 2046 coneris,
1097 1983 1193 2036 tanuen
1216 1978 1246 2036 in
1268 1973 1406 2052 ambiguo
1429 1980 1474 2034 est
1496 1990 1563 2036 anu

238 2089 320 2142 uram
335 2080 390 2142 ille
411 2077 596 2141 sedulitatem
618 2085 759 2157 agnoscat
780 2085 831 2139 aut
853 2097 906 2157 per
929 2080 1055 2156 optimos
1070 2078 1141 2139 'illos
1164 2079 1347 2138 convictores
1362 2095 1400 2136 an
1415 2075 1533 2154 placere

170 2183 293 2245 aratibi
314 2181 409 2242 liceat.
454 2181 515 2241 Nec
539 2182 635 2240 uuum
657 2180 751 2240 darida
775 2198 880 2258 opera,
909 2180 1018 2259 neqtrid
1045 2179 1130 2240 aulici
1156 2181 1202 2240 isti
1224 2196 1403 2266 susurrones
1423 2179 1534 2256 impro-

238 2283 323 2350 bent,
353 2299 441 2360 quam
470 2282 533 2359 ipse
561 2281 609 2341 ille
638 2281 749 2359 lirpiter
765 2287 846 2342 'tuus
874 2299 917 2341 ne
933 2282 1073 2342 offensam
1097 2281 1267 2341 contrahat:
1297 2298 1366 2340 nam
1389 2280 1440 2340 ubi
1464 2281 1534 2340 assi·

239 2385 329 2445 duum
352 2390 381 2442 te
404 2380 516 2451 vident,
539 2389 574 2442 ot
593 2384 652 2442 iarn
674 2384 855 2461 frequentari
877 2383 906 2442 in
929 2383 1071 2461 principis
1092 2382 1213 2443 auribus
1236 2383 1370 2460 incipias,
1395 2382 1535 2443 meritum

239 2502 328 2545 smne
349 2491 432 2544 tuum
454 2484 601 2544 invenem
616 2484 750 2553 student,
774 2492 1046 2561 gravemrocantes
1061 2502 1096 2544 ac
1110 2485 1324 2562 importunum
1348 2489 1377 2543 et
1392 2483 1417 2542 si
1432 2501 1566 2544 ascen-n

240 2587 316 2646 ders
335 2583 612 2664 quantuliscumque
633 2584 774 2662 graduis
802 2585 1094 2654 anidmadnerteriut,
1124 2585 1277 2647 deiiciendi
1304 2583 1460 2645 consiliunt
1489 2602 1535 2644 ca·

171 2689 333 2765 cupiant.
353 2703 498 2765 quorum
520 2685 617 2747 studio
638 2687 746 2748 haum
769 2695 826 2755 est,
849 2694 883 2747 ut
902 2687 978 2747 inter
992 2687 1122 2748 abiectos
1137 2706 1216 2747 ntruc
1231 2685 1414 2750 accumbam.
1448 2685 1536 2746 Certe

241 2791 319 2849 enim
337 2788 476 2848 Fortuna
496 2794 562 2848 rota
585 2794 643 2856 est,
667 2787 767 2857 (laste,
790 2789 820 2848 iu
843 2789 899 2849 hac
921 2790 992 2857 vita,
1016 2790 1045 2848 iu
1068 2807 1124 2868 qua
1147 2789 1379 2867 (quotusquisque
1394 2787 1418 2846 si
1433 2804 1535 2847 asceu-

240 2892 316 2953 derit
338 2892 441 2958 aiam,
465 2890 515 2950 diu
536 2890 699 2950 consistere
721 2891 838 2967 potest?
860 2897 889 2949 et
911 2890 975 2969 quis
997 2896 1097 2968 posset
1112 2888 1170 2949 illic
1187 2890 1361 2957 consistere,
1385 2887 1436 2948 ubi
1452 2890 1536 2948 vicis·

240 2994 294 3052 sim
318 2993 416 3051 omnia
439 2992 525 3061 liunt,
560 2998 592 3051 ut
621 2992 669 3070 qui
698 3011 778 3052 nuuc
806 2990 946 3052 sublimes
974 2999 1043 3052 sunt
1071 3009 1175 3051 rursus
1202 2989 1394 3059 decumbant,
1429 2997 1459 3049 ct
1487 2991 1568 3069 qui-u

240 3092 418 3174 pauloante
441 3092 682 3170 deprimebantur
704 3112 783 3154 nuuc
805 3111 922 3154 summo
943 3094 971 3153 iu
995 3093 1069 3152 orbe
1092 3092 1290 3169 conspiciendi
1312 3092 1476 3160 emineant,
1505 3098 1538 3151 ut

242 3195 316 3255 alius
337 3194 425 3255 alium
449 3193 590 3271 impellat,
613 3201 646 3254 ut
668 3202 752 3254 tuum
773 3194 855 3255 illum
877 3193 1017 3255 aemumrn
1038 3195 1134 3273 siquid
1156 3192 1206 3253 tibi
1230 3210 1374 3272 prospere
1393 3192 1535 3260 succe&

243 3302 318 3354 urat.
362 3293 423 3354 lam
446 3295 476 3353 io
499 3294 546 3355 illa
570 3313 677 3373 pompa
707 3314 772 3373 quae
801 3296 904 3356 insidia
934 3303 992 3364 est,
1022 3286 1092 3373 quis
1114 3313 1172 3373 quo
1199 3294 1265 3354 loco
1295 3292 1441 3354 anibuleti
1471 3312 1537 3373 que

174 3400 233 3451 §.tt
244 3394 384 3454 ambitio?
421 3394 531 3456 Deinde
560 3395 762 3472 praelibatores
790 3393 838 3457 ccii
865 3396 942 3457 malo
970 3404 1121 3474 exponmrt
1148 3415 1193 3463 se,
1224 3397 1400 3474 praecepturi
1427 3397 1451 3455 si
1481 3414 1537 3475 qua

243 3495 283 3556 illi
306 3494 426 3554 domine
449 3513 529 3554 mors
550 3496 694 3556 destinata
716 3504 768 3557 est.
814 3498 908 3577 Atque
930 3498 1003 3560 adeo
1025 3515 1063 3558 ne
1086 3497 1154 3577 quid
1177 3504 1287 3565 unium,
1310 3515 1348 3558 ne
1371 3497 1440 3576 quid
1456 3499 1494 3557 sit
1508 3499 1570 3557 ion

270 3799 273 3803 ›
314 3763 477 3814 ¹.0auaud
494 3765 529 3814 11.
582 3764 790 3817 ⁸histrouieam
811 3772 853 3818 13.
908 3769 1045 3820 dedicisse
1064 3775 1088 3821 5.
1142 3767 1172 3801 ³⁴
1190 3768 1430 3834 congeuudatione
1443 3782 1534 3826 omnes,

245 3866 292 3901 aec
309 3865 379 3900 corr.
394 3851 433 3898 H.
454 3856 536 3899 tamen
556 3849 581 3898 al
598 3855 650 3900 stae
669 3851 680 3899 l-
694 3869 744 3915 pro
762 3857 812 3901 ista
830 3853 846 3902 d
863 3858 998 3918 scripsisse
1020 3861 1149 3905 sudorem
1172 3860 1246 3918 puto,
1270 3869 1326 3902 nem
1349 3844 1536 3917 conganulars

246 3941 272 3985 et
290 3932 496 3999 congenuclare
514 3937 585 3998 aprsd
597 3936 664 3985 Non,
678 3936 762 3986 Marc.
774 3953 802 4001 p.
816 3937 858 3986 at.
870 3937 911 3988 89.
925 3946 964 3988 est
983 3954 1055 4004 genu
1068 3939 1204 4004 replicato
1216 3938 1325 3988 cadara.
1344 3929 1538 4002 προςιὺνησιν

141 4072 146 4081 ,
245 4021 372 4085 amaitaei
389 4018 526 4069 Bullensis.
597 4018 693 4084 'diaiJ
711 4022 769 4071 diei
788 4025 831 4072 13.
900 4023 1105 4090 Apparitionea.
1128 4037 1207 4088 arrmp.
1221 4028 1246 4072 5.
1277 4022 1476 4088 apparationes
1494 4022 1537 4070 1³.

247 4104 322 4155 ‘diu
340 4101 467 4169 pedibus]
491 4103 589 4154 diebus
606 4110 634 4155 5.
649 4120 720 4154 corr.
734 4107 769 4155 H.
841 4105 863 4140 ¹⁰
881 4108 1000 4157 erumnis
1019 4110 1090 4159 lad.
1109 4113 1158 4158 ete·
1232 4106 1252 4140 ¹¹
1269 4107 1378 4157 delitiis
1396 4109 1470 4156 1...4.
1489 4112 1537 4154 etc.

249 4188 270 4223 ¹¹
288 4190 398 4251 ‚Quasi
415 4190 452 4238 H.
517 4187 538 4222 ¹⁸
556 4190 658 4240 vicium
677 4193 734 4241 Μ.
799 4188 930 4254 ¹⁴.Qaae
949 4192 985 4240 H.
1050 4189 1139 4257 §.idq
1159 4192 1213 4255 Qui
1231 4179 1349 4242 Hntteui
1367 4192 1454 4241 vitata
1472 4191 1538 4241 sart·-

248 4278 376 4337 pumt,
395 4272 468 4323 hunc
485 4273 581 4324 losum,
594 4290 657 4324 oum
675 4276 698 4335 §-
712 4274 753 4324 at.
774 4290 828 4325 nou
845 4275 995 4342 neglegere
1013 4275 1163 4326 debebant.
1220 4274 1241 4308 ¹²
1258 4275 1426 4326 &caumes
1445 4275 1537 4329 aulici.

248 4362 367 4421 aaran
431 4357 453 4390 ¹⁰
470 4357 519 4408 illa
537 4362 606 4409 onia.
620 4362 662 4421 13,
721 4360 790 4409 Nam
808 4359 855 4410 vbi
874 4361 910 4410 H.
942 4360 997 4422 Qui
1014 4361 1115 4411 aiedd.
1144 4361 1214 4411 Nam
1233 4361 1281 4410 ubi
1298 4361 1323 4410 ai
1342 4363 1398 4411 aa!
1461 4361 1482 4393 ¹⁹
1499 4360 1539 4411 ri-

250 4440 336 4490 deant
352 4442 411 4490 edd.
436 4439 598 4504 (etiamid.)
625 4444 723 4493 vident
741 4445 777 4493 H.
840 4442 863 4479 ὓ
880 4446 1023 4495 invertunt
1045 4446 1105 4497 edd.
1135 4447 1274 4495 inuertere
1296 4446 1410 4495 student
1429 4447 1464 4496 Η.
1517 4445 1540 4493 si

252 4507 590 4590 H.,›ubiedd.(etiam1.t).
638 4529 661 4586 θ.
676 4526 730 4592 Π]
747 4530 836 4590 Quasi
854 4531 1021 4594 principium
1037 4529 1144 4595 dialogi
1160 4532 1284 4580 Fortuna
1301 4531 1353 4580 hoc
1371 4535 1424 4580 est
1471 4528 1540 4579 “ut

251 4607 313 4670 qula
331 4614 426 4670 posset
443 4607 502 4673 illie
519 4610 689 4673 consistere,
707 4612 755 4661 ubi
773 4610 815 4662 [ἰ.
841 4614 919 4675 quod
937 4616 996 4665 edd.
1016 4614 1085 4677 (illis
1101 4630 1154 4679 pro¹
1170 4614 1229 4664 illle
1247 4615 1306 4664 ded.
1321 4614 1379 4677 13.)
1426 4612 1449 4647 ¹⁸
1467 4615 1539 4664 Pras·

252 4693 410 4753 gestatores
427 4691 591 4756 principum.
614 4710 695 4759 νεαρ.
708 4700 732 4745 5.
789 4695 814 4730 ⁸⁰
832 4703 884 4747 est.
897 4700 935 4749 11.
953 4699 1072 4749 attacta.
1407 4714 1410 4719 '
