3270 5430
257 358 305 429 58
554 374 603 423 111.
674 388 813 424 ursaceus
834 389 857 422 s.
876 388 957 426 avos.
994 388 1144 424 orsnours.
1163 372 1247 439 (tatu.)

255 545 347 605 bitant
369 544 451 603 adire
472 541 615 620 pericula,
650 541 867 602 discriminibus
889 560 954 604 sese
977 543 1119 630 pblicero,
1153 563 1207 622 per
1233 543 1295 605 tela
1309 528 1349 605 'ac
1371 539 1426 622 per
1449 536 1548 604 hostes

256 646 341 714 lerri,
364 646 490 704 amicum
513 644 636 713 ledere,
659 644 888 703 necessitudines
910 662 1118 722 perrumpere,
1141 646 1230 706 tidem
1254 645 1406 713 iraudare,
1431 647 1461 705 in
1477 647 1549 705 deos

255 754 341 824 atque
364 746 500 805 homines
522 745 708 823 delinquere,
744 746 814 805 dum
844 747 912 805 huic
942 747 1047 806 civitati
1076 747 1288 824 preficiantur,
1323 746 1379 806 liuc
1407 747 1547 815 cilicium,

254 848 334 907 bum
356 849 559 923 magistratum
582 853 742 924 occupent,
766 846 922 924 aliquando
945 849 1030 907 etiam
1055 857 1087 908 ut
1108 848 1171 909 sine
1187 848 1283 908 lrirctu
1299 849 1415 908 inanem
1431 848 1548 908 titulum

255 949 359 1008 lerant.
398 950 435 1007 ita
465 947 545 1007 lalsm
573 947 674 1023 gloriae
702 948 830 1007 studium
858 948 1020 1008 aulicorum
1052 951 1182 1009 omnium
1212 951 1316 1009 animis
1337 952 1482 1010 tenaciter
1503 950 1569 1008 ln-s

255 1051 361 1118 haeret,
396 1056 583 1127 agunturque
612 1048 669 1108 hoc
697 1048 766 1110 llatu
796 1066 912 1109 sursum
936 1068 970 1108 ac
993 1049 1131 1110 deorsum
1155 1059 1184 1109 et
1206 1053 1234 1129 in
1257 1052 1348 1111 miros
1369 1051 1548 1111 abiiciuntur

255 1170 389 1218 errores;
423 1168 633 1228 nonnunquam
657 1151 841 1228 naufragium
866 1151 975 1210 iaciunt
996 1170 1030 1210 ac
1053 1153 1148 1211 omnia
1172 1151 1311 1229 perdunt,
1341 1170 1395 1230 per
1417 1152 1546 1230 largitio·

255 1272 322 1314 nem
345 1253 455 1334 ingenti
478 1258 650 1328 consumpta
673 1245 812 1330 pecunia:
842 1251 930 1312 babet
952 1255 1029 1312 enim
1056 1254 1155 1312 vitium
1185 1253 1241 1312 boc
1269 1255 1391 1314 comites
1418 1253 1548 1330 largitio-

258 1373 325 1414 nem
347 1362 375 1413 et
397 1353 526 1432 reliquas
549 1355 766 1430 corruptiones,
796 1351 903 1430 quibus
934 1353 1101 1431 impellente
1130 1345 1193 1431 ipso
1217 1361 1276 1414 tota
1298 1354 1404 1432 llegrat
1424 1353 1491 1415 aula
1514 1373 1549 1414 ac

186 1438 352 1516 §.taomuia
375 1457 482 1533 passim
505 1455 681 1535 aduruntur„
713 1455 788 1526 Quid
811 1453 915 1514 luxus?
937 1452 1024 1532 qtiam
1048 1473 1165 1515 morum
1188 1456 1424 1532 depravationem
1441 1456 1580 1524 adicito

256 1557 334 1635 qrrod
358 1558 525 1633 contagium
548 1557 650 1625 trabit,
664 1557 772 1630 ,vitrum
796 1563 876 1616 tanto
897 1554 960 1615 aliis
983 1556 1126 1626 odiosinS,
1157 1564 1266 1636 quanto
1288 1556 1372 1635 plura
1396 1557 1550 1635 perditae

255 1659 392 1736 dissipati
427 1658 483 1717 hoc
507 1675 609 1717 errore
632 1662 861 1717 contemnuntur
888 1660 1036 1734 pecuniae,
1069 1676 1129 1717 non
1158 1677 1216 1737 quo
1245 1677 1261 1716 a
1289 1658 1472 1735 sapientibus
1494 1657 1549 1717 illis

255 1767 356 1837 pacto,
379 1760 431 1820 sed
455 1777 508 1836 per
531 1758 716 1818 stoliditatem
740 1777 775 1818 ae
797 1758 983 1827 dementiam,
1007 1766 1109 1819 eontra
1126 1760 1279 1819 vacuissima
1296 1760 1393 1819 omitia
1409 1759 1549 1818 adaman·

255 1870 312 1922 tur.
350 1868 437 1940 atque
460 1860 528 1921 inde
550 1861 682 1937 preciosa
705 1861 807 1928 restis,
842 1860 909 1919 iude
932 1878 1079 1937 purpura,
1114 1861 1181 1920 inde
1203 1878 1308 1920 aurum
1332 1869 1361 1919 et
1382 1868 1547 1937 argentum,

254 1964 321 2023 inde
344 1981 468 2041 gemma}
489 1981 524 2022 ac
546 1962 722 2038 margaritae·
739 1969 768 2021 et
795 1961 916 2039 relique
944 1962 972 2020 id
1001 1980 1093 2039 genus
1122 1980 1208 2039 nugae
1236 1959 1331 2021 aulam
1361 1963 1582 2028 invaserunt;u

255 2084 319 2143 quas
341 2065 439 2123 omnia
462 2062 529 2123 licet
551 2064 670 2123 maximi
693 2072 845 2131 emantur,
870 2064 1114 2140 magnanimitatis
1136 2070 1180 2123 est
1200 2063 1240 2124 ibi
1256 2070 1354 2123 minen
1370 2081 1404 2122 ea
1421 2062 1550 2122 abiicere

255 2174 284 2224 et
307 2183 360 2242 pro
383 2163 523 2242 neglectis
545 2164 671 2233 habere,
695 2183 729 2224 ac
750 2171 832 2224 tanto
856 2162 920 2242 quis
942 2165 1100 2224 animosior
1123 2172 1260 2224 censetur
1283 2171 1393 2242 quanto
1423 2164 1488 2223 baec
1508 2164 1549 2222 ri·

254 2265 334 2325 lieris
357 2265 433 2326 lacit.
480 2266 583 2326 Videas
605 2267 641 2325 ad
665 2266 880 2325 contentionem
904 2283 998 2343 usque
1026 2266 1133 2325 insumi
1160 2266 1315 2343 pecunias,
1352 2284 1412 2343 quo
1441 2265 1550 2343 nequid

255 2348 435 2445 splendidius
456 2366 539 2427 alteri
563 2366 651 2434 adsit;
685 2384 740 2425 nec
762 2365 797 2424 ad
821 2384 907 2426 risum
930 2368 961 2425 lit
984 2367 1107 2443 emptio,
1134 2366 1186 2426 sed
1214 2367 1250 2427 ad
1280 2367 1397 2426 inanem
1421 2373 1549 2426 ostenta·

255 2469 373 2527 tionem.
412 2468 477 2538 Quo
501 2467 565 2527 loco
588 2467 665 2527 baud
688 2466 782 2527 relert
803 2468 901 2527 dicere
924 2468 1002 2527 narde
1024 2474 1181 2546 suppetant
1202 2467 1279 2536 haec,
1302 2467 1584 2528 authancrora·1o

255 2571 353 2645 ginem
376 2568 445 2645 quid
469 2568 602 2646 impleat:
626 2575 706 2627 certe
728 2567 876 2644 impletam
899 2575 1031 2647 oportet,
1054 2570 1116 2628 sire
1129 2567 1322 2646 dispolientur
1338 2586 1486 2646 pauperes
1501 2575 1552 2628 aut

255 2670 310 2746 ipsi
332 2671 418 2729 etiam
441 2670 588 2746 principes
617 2676 735 2746 egeant,
764 2671 823 2729 sire
851 2671 1045 2748 unicniusque
1072 2671 1281 2749 patrimonium
1310 2670 1369 2730 linc
1398 2676 1550 2747 erogetur.

255 2790 290 2832 ao
318 2770 523 2848 plure‘multo
552 2770 771 2848 prolundnutur
800 2771 838 2830 ibi
869 2772 993 2831 inaniter
1021 2788 1109 2849 quam
1136 2772 1167 2830 in
1194 2788 1282 2836 usum
1313 2778 1468 2831 vertuntur
1498 2790 1551 2831 ne·

254 2874 423 2933 cessarium.

261 3013 265 3018 -
319 2994 446 3036 easrvs.
487 2975 564 3035 Fieri
587 2975 669 3034 rideo
692 2989 758 3052 quae
780 2975 869 3043 diois;
893 2992 960 3033 nam
984 2975 1094 3051 optime
1118 2976 1286 3034 vestientem
1302 2956 1461 3035 lucianam
1479 2975 1586 3054 quida

256 3076 333 3136 aliud
363 3085 553 3137 contemnere
583 3076 695 3144 docuit,
731 3082 763 3135 ut
791 3093 929 3153 peregre.
950 3077 1076 3135 sericum
1106 3094 1273 3135 emeremus
1303 3092 1338 3135 ac
1366 3078 1551 3154 purpuram?

255 3186 385 3238 autnon
408 3180 556 3256 potuimus
579 3179 692 3244 ornari,
717 3176 843 3254 popolus
866 3175 1022 3236 bellicosus
1046 3184 1074 3235 et
1096 3180 1190 3237 omnis
1211 3177 1280 3238 olim
1296 3176 1425 3238 mollitiei
1443 3194 1552 3254 expers

255 3286 284 3339 ct
306 3286 508 3357 contemptor,
522 3280 594 3362 sino
617 3278 756 3354 gemmis,
781 3280 845 3338 sine
866 3280 957 3337 auro?
986 3287 1015 3337 et
1036 3297 1090 3337 nos
1111 3280 1172 3356 sagi
1196 3280 1289 3357 piget.
1313 3296 1366 3337 rios
1388 3276 1508 3354 loricae?

318 3399 483 3441 manners.
521 3362 599 3439 ¹Tum
622 3381 770 3448 eirrtranra,
792 3398 929 3448 crocum,
960 3380 1044 3458 piper
1067 3380 1228 3459 etreliqua
1252 3381 1364 3441 exotica
1379 3379 1415 3439 td
1438 3378 1549 3439 malurn

254 3481 370 3541 invexit.
1558 3504 1586 3544 aa

320 3600 445 3642 casrvs.
484 3580 576 3641 Sirnrd
599 3579 689 3643 credo
712 3600 810 3643 mores
833 3582 971 3644 emutuit
998 3601 1033 3643 ac
1060 3583 1129 3644 illud
1155 3603 1223 3644 rere
1246 3586 1427 3645 Germaniam
1455 3581 1550 3642 robur·

256 3690 424 3751 enervatum
448 3683 583 3743 reddidit.

319 3803 482 3845 ursnrevs.
521 3785 569 3845 Sic
592 3793 649 3845 est:
673 3794 782 3865 quiante
805 3787 956 3847 decentius
976 3788 1054 3847 euim
1077 3788 1163 3864 primi
1186 3786 1226 3846 illi
1249 3787 1388 3846 Germani
1418 3786 1550 3845 lotarum

323 4004 426 4054 'adire
445 4006 570 4070 pericula
588 4008 624 4055 H.
644 4007 769 4071 pericula
787 4007 864 4056 obire
882 4008 941 4056 edd.
996 4004 1307 4070 acudd.H.(non13).
1365 4002 1547 4054 ²necessitu-

253 4096 296 4140 tcs
311 4094 352 4140 13.
410 4089 622 4139 ³dumtzdum
640 4091 718 4140 modo
782 4091 874 4155 ⁰.Ag
892 4092 928 4140 H.
992 4091 1003 4123 ⁷
1021 4107 1071 4156 por
1089 4092 1124 4140 H.
1144 4092 1172 4140 in
1190 4093 1248 4140 edd.
1313 4090 1418 4139 leons.
1433 4090 1491 4154 ing.
1505 4093 1546 4138 13.

252 4176 342 4241 ⁹ipso
365 4192 415 4239 pro
438 4177 521 4225 deleto
545 4178 613 4242 quod
634 4177 693 4224 eald.
717 4175 809 4224 babent
832 4192 854 4224 v.
882 4175 1033 4224 ambitione
1055 4177 1090 4224 H.
1120 4177 1180 4240 ipso
1210 4175 1356 4223 ambitioni
1380 4177 1483 4237 stupide
1504 4176 1546 4222 13.

254 4259 276 4292 ¹⁰
293 4262 394 4309 Luxus.
415 4264 440 4309 tn
458 4276 536 4322 iuterp.
551 4265 576 4308 5.
635 4261 744 4321 .Quam
763 4260 798 4308 H.
858 4256 878 4291 ¹¹
897 4274 951 4308 non
971 4275 1023 4324 qno
1042 4276 1095 4309 as
1118 4262 1232 4324 ipacto
1251 4261 1378 4310 i.e.·n0n
1396 4259 1546 4322 supienter,

254 4361 308 4393 non
327 4346 362 4393 iis
377 4344 414 4392 de
435 4345 527 4392 causis
547 4360 561 4394 e
581 4344 680 4407 quibus
698 4344 824 4408 pecuniae
844 4360 860 4393 a
878 4345 1052 4408 sapientibus
1071 4344 1128 4393 illis
1152 4347 1372 4393 contemnuntur.
1400 4342 1548 4407 Sapientes

256 4427 307 4493 illi]
328 4426 685 4477 ct.st0b.Ftortt.xe111.
756 4426 777 4459 ¹¹
797 4429 882 4492 ,Λὶψ
894 4429 931 4477 H.
1010 4428 1030 4460 ¹⁶
1049 4430 1167 4477 maximo
1186 4433 1209 4477 5.
1235 4434 1388 4478 maurinae.
1407 4429 1445 4476 H.
1510 4425 1547 4474 ibi

253 4514 313 4563 odd.
327 4514 364 4561 H.
384 4507 446 4572 (aba
460 4512 517 4576 13.)
554 4509 660 4561 ¹⁰'insit
679 4516 721 4563 13.
757 4510 777 4544 ²¹
797 4513 866 4577 disp.
881 4528 963 4578 paup.
977 4515 1013 4562 H.
1033 4513 1096 4562 inde
1111 4518 1214 4577 egeant
1226 4511 1339 4570 subditi,
1359 4513 1419 4561 cdd.
1455 4511 1479 4546 ²¹
1489 4525 1547 4576 per·

255 4611 328 4660 aegre
343 4597 399 4644 13.,’
449 4593 471 4626 ²⁷
490 4597 725 4646 omnisomis.13.
778 4613 877 4662 expers
896 4604 925 4646 et
943 4599 1003 4647 add.
1019 4599 1055 4652 H,
1108 4594 1130 4627 ²⁹
1149 4598 1222 4646 cinn.
1236 4601 1260 4645 5.
1281 4603 1397 4645 neeman.
1411 4599 1448 4646 H.
1469 4610 1547 4660 cyon.

253 4682 312 4729 edd.
365 4678 388 4711 ³⁸
407 4681 537 4741 .Quent0
551 4682 587 4729 H.
978 4682 980 4686 ’
