3210 5416
251 338 325 408 568
698 365 813 399 nranoor
834 342 1103 398 reavoo‘nvrrrrurcr.

313 526 441 582 Pietas.
479 524 583 579 Stultos
613 523 736 597 quidem.
766 521 813 578 sed
843 522 950 579 minime
979 521 1198 596 superstitiosos.
1230 529 1257 576 et
1287 522 1334 594 qui
1365 521 1458 577 olliciis
1478 523 1522 576 suis

250 613 338 666 lictum
362 609 536 666 ostenderent
559 608 743 669 sanctitatem,
766 615 896 662 caeterum
920 607 1010 661 animo
1033 615 1061 662 et
1082 604 1176 661 Milesii
1200 614 1228 661 et
1250 606 1435 680 Sardanapali.

315 694 545 769 Superstitio.
583 693 664 766 Atqui
687 692 760 747 vides
783 710 825 747 me
848 691 1021 766 praerrrluisse
1044 691 1110 747 meis
1133 691 1222 764 nugis.

197 784 243 832 33.
318 780 444 835 Ρ33333.
481 777 513 833 tt
535 778 653 833 cessabis
675 777 788 835 etiarn'

314 863 546 939 Superstitio.
580 856 930 923 1133133313333333333.

317 948 447 1004 Pietas.
485 948 540 1020 Ego
564 956 590 1003 te
613 947 731 1021 perdam.

315 1033 548 1107 Superstitio.
586 1035 621 1087 nt
643 1050 695 1105 ego
718 1031 928 1086 llohenstraturn
953 1029 1085 1104 imploro,
1109 1030 1321 1105 Superstitionis
1344 1038 1487 1105 parentem.

315 1119 438 1173 l'ietas.
473 1116 545 1173 lllarn
569 1118 654 1172 totius
677 1116 750 1172 orhis
772 1124 875 1190 pestem
898 1125 925 1172 33
948 1116 1132 1171 stmliosorum
1155 1116 1342 1172 daemonium?

316 1202 551 1276 Superstitio.
589 1201 653 1257 Eum
676 1203 764 1275 ipsum
786 1201 925 1256 dentatum
948 1201 1093 1275 gryphum.
1266 1191 1268 1195 ’

314 1288 368 1342 Pio
379 1297 437 1342 333.
474 1288 508 1341 rlt
531 1304 582 1359 ogo
598 1286 730 1342 llaesareni
752 1284 860 1360 appello
874 1295 903 1341 et
918 1285 1067 1342 Germaniae
1081 1303 1210 1361 proceres
1226 1293 1254 1340 et
1269 1286 1423 1341 Germanos
1439 1294 1550 1346 omnestt

251 1373 385 1445 genuinos
409 1381 438 1427 ut
462 1371 500 1427 illi
523 1380 665 1427 conterant
688 1369 862 1444 lingnamque
884 1371 1039 1445 praecidant.
1064 1388 1066 1391 ·

316 1456 552 1530 Superstitio.
581 1455 622 1532 ¹Et
644 1455 756 1529 praecisa
779 1453 871 1528 lingua
895 1453 1037 1511 halhutiet.

317 1542 441 1596 l‘ietas.
480 1542 544 1599 Tarn
567 1559 676 1596 severus
699 1541 759 1596 est?

197 1633 241 1680 36.
316 1625 551 1699 Superstitio.
590 1625 829 1681 Truculentissima
848 1624 947 1687 hestia.
984 1625 1100 1698 quodsi
1124 1623 1259 1680 solanun
1283 1625 1529 1685 sull'ecerit.Leun

252 1710 326 1766 illurn
350 1710 397 1766 tihi
421 1712 538 1785 oppedet
561 1711 592 1766 ad
617 1709 827 1767 irraledicendum
850 1710 1036 1766 tantummodo
1059 1717 1165 1771 natum,
1189 1717 1217 1765 33
1239 1709 1307 1764 31333
1332 1709 1374 1765 1333
1398 1709 1471 1765 mille
1490 1710 1553 1783 1336

251 1797 313 1851 dras
337 1813 402 1869 qrras
426 1796 512 1858 13333
536 1795 636 1869 quibus
659 1796 680 1849 si
705 1812 786 1850 tinum
810 1795 952 1850 rescideris
974 1803 1072 1891 eaput,
1095 1794 1186 1850 31333333
1209 1794 1392 1868 repullulent

314 1880 437 1937 Pietas.
475 1880 525 1948 (tui
549 1889 612 1936 sunt
635 1879 691 1935 3113

314 1965 547 2039 Superstitio.
585 1965 706 2037 Magistri
728 1965 815 2020 nostri
838 1965 871 2020 de
893 1964 1021 2026 Colonia,
1045 1963 1238 2058 Theologistae.

315 2051 439 2107 Pietas
476 2050 509 2106 Ut
524 2050 618 2112 video
630 2049 713 2106 nulla
736 2048 789 2104 alia
809 2066 904 2106 caussa
926 2058 982 2112 333,
1005 2067 1055 2105 cur
1077 2048 1151 2123 impii
1174 2046 1253 2105 33333133
1269 2059 1341 2112 sint
1365 2068 1447 2124 quani
1462 2050 1530 2105 lartio

254 2134 500 2208 'llieologistarurh
1536 2143 1553 2180 ³

196 2229 242 2278 36
317 2220 547 2293 Superstitio.
583 2220 672 2294 Prope
694 2218 783 2274 divina
805 2218 910 2279 lucram
933 2219 979 2274 sed
1003 2219 1088 2276 relert
1110 2237 1179 2292 quos
1201 2217 1269 2275 relis
1293 2219 1461 2293 Theologos.
1483 2219 1530 2273 lite

251 2302 324 2359 rales
345 2303 420 2366 illos
443 2322 476 2358 an
500 2304 652 2378 sophistas
676 2302 1249 2367 1333333333,83333331133,1111333333333,
1278 2304 1464 2366 herodianos,
1492 2304 1529 2359 03-

250 2390 383 2449 33333333,
408 2389 551 2451 lle-clauos,
573 2388 726 2461 Egidianos

311 2473 444 2537 Pietas.
481 2472 549 2540 Quid
572 2473 624 2529 hoc
646 2474 745 2530 audio?
768 2490 835 2545 orgo
857 2474 959 2529 divisus
982 2482 1024 2529 333
1046 2473 1186 2528 Christus?

315 2557 549 2631 Superstitio.
587 2558 690 2614 [lirisus
713 2558 800 2632 plane.
1206 2582 1212 2614 3
1534 2564 1552 2602 ²⁵

315 2643 443 2703 Pietas
481 2645 546 2710 Quae
567 2661 636 2716 ergo
659 2643 744 2716 tnagis
768 2641 920 2716 Theologil

315 2727 544 2801 Superstitio.
583 2727 656 2794 Quos
684 2727 780 2783 ultimo
809 2728 948 2795 recensui,
979 2728 1030 2783 hoc
1058 2727 1196 2783 hominum
1226 2745 1315 2800 gentas
1347 2729 1422 2803 quod
1443 2728 1526 2802 passim

249 2812 430 2871 calumniatur
452 2812 550 2868 omnia.

196 2906 242 2955 3..3
316 2898 442 2963 Pictas.
481 2890 576 2953 (lectori
600 2915 666 2969 ergo
690 2915 783 2970 parum
807 2896 955 2970 Theologi‘l

313 2982 545 3056 Superstitio
583 2982 637 3036 lino
660 3000 693 3036 ne
715 2981 846 3054 Theologi
871 2981 994 3054 quidem.
1018 2982 1063 3037 sed
1086 2981 1267 3053 grammatici
1291 2981 1428 3050 litorales,
1455 2988 1548 3059 atquem

250 3085 280 3122 33
304 3076 407 3123 tanturn
432 3075 548 3124 tractant
549 3085 577 3127 33
601 3084 661 3140 quae
685 3066 716 3120 arl
739 3067 866 3140 pietatem
882 3075 1020 3140 spectent.
1040 3075 1171 3125 3333333333
1187 3066 1298 3123 aculeos
1315 3078 1492 3142 quaestionum
1504 3072 1524 3119 et

250 3153 378 3224 rpricquid
400 3160 443 3211 cst
465 3151 702 3225 syllogismorum,
726 3151 777 3207 hoc
800 3151 1005 3223 magnanimiter
1026 3159 1210 3209 contemnunt.

313 3237 439 3291 l‘ietus.
478 3237 532 3292 Hos
554 3254 606 3308 ogo
629 3235 807 3310 praetulerim.

315 3321 548 3393 Superstitio
586 3321 671 3377 l’rerlo
694 3320 828 3394 equidem
1258 3384 1260 3387 .

314 3404 443 3460 l‘irtas
479 3406 575 3460 Creteri
599 3422 661 3461 vero
686 3405 748 3480 quid
771 3405 889 3462 docent?
1013 3449 1015 3452 ⁴
1530 3412 1547 3450 ³⁵

197 3502 244 3551 ps
317 3490 555 3562 Superstitio.
593 3489 794 3563 Enthpmomata
818 3499 930 3546 nectunt
957 3499 984 3546 et
1011 3490 1196 3552 inductiones,
1223 3507 1281 3547 uun
1310 3492 1407 3564 quales
1437 3500 1524 3546 vetem

249 3570 288 3626 illi
312 3574 443 3646 sophistae
466 3574 604 3635 rhetores,
628 3575 675 3630 sed
698 3576 789 3632 3333333
812 3594 879 3648 quas
902 3574 967 3633 alias
990 3575 1140 3636 somniant,
1164 3592 1232 3648 quas
1247 3575 1457 3634 concluduntur
1471 3575 1523 3630 1133·

249 3655 379 3719 berlum,
403 3658 548 3719 33113333,
573 3658 752 3733 plerasque
746 3660 888 3727 milonio,
913 3661 1011 3734 opinor
1031 3659 1079 3716 3113
1102 3661 1243 3716 Persarum
1268 3677 1348 3732 rege,
1373 3663 1407 3717 iis
1428 3656 1522 3718 33333333

249 3759 309 3814 quae
333 3743 359 3798 iu
382 3743 525 3816 scripturis
548 3751 640 3817 aperta
663 3752 740 3806 suut,
765 3745 798 3800 iis
821 3743 982 3818 labyrinthis
1006 3744 1145 3805 involvunt
1168 3746 1271 3806 omnio.
1294 3755 1324 3801 ot
1347 3764 1460 3820 scrupos
1480 3760 1522 3799 roo·

248 3836 310 3882 vent
333 3828 427 3883 animis
451 3827 598 3883 vetularum
622 3827 663 3899 (ut
685 3830 717 3884 313
741 3828 794 3884 31133
817 3829 989 3904 prophetarit
1005 3828 1163 3904 Apostolus)
1185 3831 1306 3904 captivas
1328 3831 1459 3889 ducentes
1478 3833 1544 3884 inu-⁸¹

250 3911 390 3983 liercrrlas,
414 3921 540 3970 oneratus
563 3913 696 3986 peccatis,
721 3922 750 3969 ut
772 3914 917 3975 corradant
940 3915 1075 3990 pecunias.
1152 3975 1156 3983 ,

312 3998 441 4054 Pietas.
478 3999 575 4053 droant
598 3999 743 4072 pecunias?

191 4083 238 4129 16.
312 4085 352 4138 Su
360 4083 538 4157 perstitio.
576 4085 672 4138 Arnant
695 4101 773 4157 quarn
796 4084 921 4146 manime,
946 4094 1027 4158 atquc
1049 4083 1176 4140 mulieres
1199 4093 1225 4139 et
1241 4093 1349 4149 scortu;
1372 4085 1465 4140 deinde
1479 4081 1521 4156 pri·

248 4184 303 4220 rnas
327 4169 467 4224 cathedras
490 4177 518 4224 33
539 4168 678 4241 ‘magnifico
702 4169 811 4224 nomina
834 4169 1045 4242 pharisaeorum,
1070 4178 1098 4224 ut
1121 4178 1251 4225 vocentur
1266 4169 1301 4224 ah
1317 4170 1469 4225 hominihus
1483 4167 1520 4221 lla·

249 4251 326 4313 hino,
350 4254 422 4325 quod
445 4262 488 4309 est
509 4254 639 4329 magister
660 4262 767 4316 nostem
790 4253 901 4309 student
922 4255 1002 4310 etiarn
1025 4255 1110 4320 ventri
1133 4263 1160 4310 ct
1182 4255 1263 4310 variis
1284 4254 1400 4317 deliciis,
1422 4271 1472 4328 quo
1491 4249 1518 4306 11.

249 4343 280 4389 ut
303 4336 358 4390 sint
380 4334 483 4411 arliposi
508 4347 535 4393 ot
557 4339 648 4407 crassi.
673 4339 719 4395 3331
741 4339 890 4395 crassiores
913 4339 1032 4412 ingenio.

319 4453 336 4456 .-
350 4453 446 4460 7--

313 4514 437 4567 ²molles
456 4520 659 4578 oteffeminatl.
703 4486 750 4551 γ’*
768 4520 846 4570 Poul.
862 4538 905 4586 ep.
919 4522 940 4571 I.
956 4521 1065 4573 331033.
1080 4522 1101 4574 1.
1119 4473 1156 4571 13.
1194 4519 1278 4571 .³⁷·³⁸
1297 4484 1515 4577 lteuherberotrl

246 4599 263 4646 ἰ.
279 4617 301 4647 3.
316 4601 441 4662 Barbara
460 4608 488 4652 et
501 4605 606 4656 Baroco
625 4610 653 4654 33
665 4598 753 4657 Darii.
784 4605 828 4655 Cf.
842 4611 893 4656 333.
909 4605 1075 4671 syllogismi.
1112 4606 1316 4659 cohortator.
1363 4604 1408 4681 ,Ψ
1428 4594 1515 4670 336131

247 4682 324 4732 Ρ3331.
340 4700 382 4748 ep.
396 4687 431 4735 II.
446 4687 481 4735 331
493 4685 612 4738 Timoth.
626 4690 677 4739 III.
689 4688 714 4740 6.
766 4685 788 4719 ⁴⁴
807 4689 849 4740 Cf.
863 4690 959 4742 loann.
970 4692 1030 4748 XX.
1046 4689 1085 4742 ltt.
1111 4726 1112 4731 =
