3270 5430
542 405 576 440 ΕΣ
594 405 681 441 Bitu
700 404 796 441 snvu
816 401 938 441 lamiam
955 403 990 439 Μ
1009 401 1122 440 ΑΥΗΠΙ
1141 386 1289 456 munt]

332 890 371 940 Ne
390 907 468 940 sacra
485 884 541 938 lianc
557 891 648 938 misem
665 884 836 954 serpiterna,
855 890 970 939 addim
982 905 1017 940 ec
1030 891 1127 940 ,tenere
1140 876 1220 954 Sylvii
1230 889 1312 940 libello
1331 886 1428 951 (Iadic.
1441 887 1557 953 bibliopr.

259 991 288 1040 p.
302 972 372 1040 31¹⁸.)
389 980 515 1040 specimen
533 974 589 1037 (sol.
608 975 670 1038 diij)
688 976 752 1025 loc:

331 1098 347 1122 „
362 1095 369 1110 .
384 1096 390 1108 .
404 1096 411 1109 .
424 1075 479 1110 non
497 1065 554 1109 tam
573 1059 629 1109 filio
648 1075 698 1112 sue
715 1067 797 1126 pater
813 1060 938 1111 afficitur
955 1076 1036 1126 quarn
1055 1061 1126 1111 bono
1145 1061 1264 1126 principi
1276 1061 1364 1111 bonus
1375 1076 1481 1111 servus.
1505 1059 1559 1110 Cui

264 1149 292 1194 et
315 1145 339 1194 si
365 1145 476 1195 fortuna
500 1145 614 1202 faverit,
640 1161 712 1195 nunc
736 1146 928 1207 mutationem,
954 1161 1027 1196 nunc
1045 1146 1161 1196 insidias
1179 1146 1272 1204 times,
1297 1162 1349 1196 nec
1372 1145 1491 1195 dormies
1508 1160 1557 1194 un-

263 1244 345 1293 quam
368 1245 420 1279 nec
444 1229 576 1295 vigilabis
601 1231 629 1279 in
653 1246 732 1295 pace.
763 1229 813 1280 Eat
837 1232 950 1295 insuper
972 1245 1074 1296 magna
1097 1232 1216 1282 virorum
1237 1232 1375 1281 recreatio
1393 1231 1494 1279 mentis
1514 1245 1558 1280 se·

179 1358 182 1363 ,
263 1329 367 1364 cessus.
404 1314 471 1364 Cum
488 1330 519 1364 se
538 1314 639 1380 aliquis
656 1315 773 1365 retrahit
791 1315 818 1364 in
836 1314 989 1365 solitarium
1012 1315 1101 1365 locum
1126 1330 1159 1365 ac
1180 1314 1224 1366 vel
1249 1315 1398 1365 meditatur
1419 1314 1463 1365 vel
1487 1314 1559 1380 legit

263 1399 307 1449 vel
325 1400 424 1449 scribit
442 1405 583 1465 totumque
601 1415 630 1449 so
643 1401 730 1449 Musis
748 1401 866 1466 praebet,
887 1406 914 1450 et
926 1417 998 1450 nunc
1010 1399 1168 1461 Platonem,
1188 1415 1260 1450 nnrrc
1272 1400 1465 1462 Aristotelem,
1484 1415 1558 1449 nunc

263 1484 395 1547 tullium,
424 1501 497 1535 nunc
515 1485 674 1551 Virgilium,
702 1476 774 1536 nunc
794 1486 864 1537 alios
882 1486 1023 1545 doctores,
1052 1486 1227 1536 iamdudum
1245 1491 1377 1544 mortuos,
1407 1485 1455 1534 sed
1480 1485 1558 1534 tama

262 1571 402 1632 viventes,
428 1574 456 1620 et
474 1570 586 1634 scriptis
610 1569 765 1634 alloquitur.
803 1570 856 1620 Sed
879 1570 933 1621 hac
956 1570 1099 1636 voluptate
1123 1571 1225 1636 privati
1249 1576 1312 1620 snut
1335 1571 1469 1630 curiales,
1501 1570 1557 1634 qui,

263 1671 325 1705 cum
343 1671 451 1722 semper
470 1657 497 1704 in
515 1656 573 1704 otio
591 1654 660 1716 sint,
684 1670 823 1719 nrrnquam
841 1662 935 1705 tamen
954 1656 1038 1706 otium
1056 1655 1174 1718 habent,
1198 1672 1307 1721 semper
1329 1655 1357 1703 in
1380 1654 1557 1704 multitudine

262 1745 339 1802 sunt,
364 1741 393 1790 in
417 1740 596 1800 clamoribus,
620 1741 648 1789 in
672 1739 843 1790 tumultibus.
880 1739 909 1789 Si
928 1740 980 1790 tibi
999 1756 1193 1805 nonnunquam
1216 1740 1383 1807 particulam
1407 1739 1556 1805 delegeris,

262 1828 292 1876 in
310 1828 364 1891 qna
383 1825 426 1875 vel
445 1825 525 1891 legas
544 1825 650 1890 aliquid
668 1824 712 1875 vel
731 1825 850 1885 scribas,
870 1841 931 1874 mox
951 1825 1051 1890 aliquis
1069 1826 1186 1876 instabit
1204 1826 1249 1890 qui
1269 1831 1296 1874 te
1310 1830 1407 1887 vexat,
1428 1831 1455 1875 et
1468 1825 1492 1873 si
1506 1823 1557 1873 alii

263 1911 450 1974 cessaverint,
470 1926 525 1961 non
544 1911 635 1960 aberit
652 1910 839 1974 dispensator,
866 1911 912 1975 qui
935 1927 1020 1975 propo
1039 1916 1066 1961 te
1087 1916 1243 1975 computum
1263 1910 1352 1960 iaciat
1370 1926 1482 1975 seraque
1500 1926 1556 1959 mo-

261 2001 341 2047 veat:
364 2011 497 2060 nusquam
516 1997 569 2046 tibi
589 1995 706 2061 angulus
724 1994 834 2060 patebit
852 1996 974 2060 quietus,
999 1997 1026 2045 in
1050 2011 1103 2060 quo
1126 1996 1215 2061 possis
1233 2011 1295 2045 cum
1313 1995 1443 2060 Scipione
1463 1995 1556 2045 dicere

263 2082 415 2147 ‘Nunquam
434 2082 522 2130 minus
540 2080 614 2130 solus
632 2096 691 2130 snm
710 2096 790 2145 quam
815 2097 876 2130 erun
899 2082 949 2130 sim
972 2081 1062 2130 solus'.
1099 2079 1217 2147 Oportet
1240 2086 1267 2129 te
1291 2081 1391 2145 priscis
1414 2079 1471 2129 illis
1494 2096 1556 2129 san·

262 2168 370 2232 ctisque
388 2168 456 2216 viris
475 2181 571 2215 carere
591 2171 673 2230 atque
693 2166 766 2215 inter
783 2165 907 2215 hominos
926 2168 1020 2216 vivere
1040 2181 1107 2231 quos
1126 2167 1229 2215 rectius
1248 2166 1353 2216 bestias
1366 2165 1440 2214 omni
1453 2166 1556 2215 virtute

262 2257 391 2303 carentes
409 2249 604 2316 appellaveris.
640 2250 709 2299 Sunt
727 2251 773 2315 qui
791 2251 887 2300 dicant
904 2250 975 2300 filios
994 2267 1058 2301 suos
1076 2250 1180 2301 idcirco
1197 2250 1369 2316 principibus
1381 2251 1507 2310 tradere,
1526 2254 1557 2298 ut

261 2336 474 2387 morendisoant
487 2335 607 2399 fieritque
619 2335 722 2384 virtute
741 2340 920 2400 praestantes:
940 2337 1037 2386 melius
1056 2337 1194 2397 dicerent,
1215 2336 1249 2385 ad
1268 2335 1480 2400 intelligendam
1499 2350 1554 2383 ma·

261 2420 354 2469 liciam
375 2420 625 2485 turpitudinemque
644 2420 805 2470 discendam
823 2436 853 2469 se
872 2420 944 2471 filios
964 2423 1165 2471 transmisisse:
1190 2427 1253 2470 sunt
1272 2422 1344 2470 enirn
1364 2421 1392 2470 in
1412 2421 1498 2470 curiis
1515 2419 1555 2469 vi·

260 2505 404 2555 tiosissimi
423 2505 560 2565 homines,
580 2519 719 2554 sermones
738 2505 890 2555 inhonesti:
915 2506 963 2555 ille
982 2506 1117 2555 luxuriam
1137 2505 1323 2567 commendat,
1348 2505 1396 2554 ille
1416 2505 1554 2554 voracita-

261 2595 329 2651 tem3
348 2604 428 2639 nemo
447 2590 481 2639 da
499 2591 603 2639 virtute
621 2605 651 2639 se
670 2589 771 2647 iactat,
790 2591 838 2639 scd
852 2595 900 2640 aut
913 2592 1047 2655 virginem
1060 2591 1194 2651 violasse,
1215 2596 1263 2639 ant
1275 2596 1416 2655 stuprasse
1430 2596 1553 2655 nuptam,
1572 2615 1574 2619 v

261 2673 623 2736 animumanimum,
649 2683 697 2723 aut
720 2677 818 2740 rapina
837 2692 898 2725 sese
919 2676 1023 2740 aliquid
1041 2682 1152 2725 nactum
1174 2675 1316 2742 gloriatur.
1353 2676 1422 2736 Quae
1445 2674 1554 2724 scelera

260 2761 303 2809 sic
321 2759 514 2810 adolescentes
533 2760 677 2810 imitantur
696 2741 946 2825 atque⁴imbibunt,
968 2766 997 2809 ut
1016 2760 1090 2810 trullo
1109 2759 1171 2826 post
1189 2765 1312 2825 tempore
1332 2761 1473 2809 anrittant.
1503 2776 1553 2809 nee

260 2849 288 2896 tc
307 2851 388 2924 putes
407 2844 611 2895 adolescentem
630 2845 771 2910 pudicum,
797 2845 929 2905 sobrium,
953 2845 1137 2918 verecundum
1162 2851 1211 2895 aut
1234 2846 1303 2895 bene
1328 2850 1462 2894 inimatum
1482 2844 1553 2909 apud

259 2932 399 2997 principes
418 2932 558 2992 invenire,
577 2945 670 2979 omnes
689 2930 842 2980 huiusmodi
861 2934 925 2979 sunt
943 2929 1038 2994 quales
1057 2931 1193 2994 magistri.
1224 2946 1315 2979 verum
1336 2937 1378 2978 est
1397 2932 1470 2978 eninr
1484 2930 1553 2994 quod

260 3017 408 3067 Terentius
427 3017 479 3077 ait,
507 3015 541 3065 ad
565 3016 686 3080 peiorem
705 3015 864 3081 plserunquc
883 3021 987 3079 partem
1007 3016 1126 3064 aninumr
1146 3014 1294 3080 applicari,
1317 3016 1340 3063 si
1359 3016 1421 3078 quis
1440 3015 1475 3064 ad
1494 3031 1552 3063 eam

259 3118 316 3151 rem
335 3101 497 3167 magistrum
515 3102 629 3151 sortitus
648 3101 685 3150 sit
703 3100 868 3165 improbum,
895 3101 936 3148 sic
956 3105 1055 3149 nat-ura
1079 3100 1168 3159 iubet,
1196 3100 1321 3150 velocius
1345 3106 1374 3148 et
1397 3100 1481 3149 citius
1504 3115 1552 3149 nos

260 3191 437 3252 corrumpunt
460 3185 585 3251 exempla
609 3186 695 3246 mala,
728 3201 788 3234 cum
813 3185 933 3233 arrianum
962 3185 1070 3249 magnis
1100 3186 1258 3234 auctoribus
1286 3185 1413 3234 subeunt.
1451 3185 1551 3234 Refero

259 3273 392 3321 maximas
410 3271 462 3320 deo
481 3277 588 3336 grates,
609 3272 654 3335 qui
673 3271 741 3319 milri
759 3272 814 3319 iarn
834 3271 891 3318 viro
910 3271 1043 3334 sequendi
1056 3271 1196 3335 principes
1209 3270 1329 3319 animum
1341 3269 1472 3330 tradidit,
1492 3285 1550 3319 cum

260 3356 315 3405 iarn
334 3359 479 3420 parentum
498 3356 615 3404 virtutos
635 3356 742 3419 aliquas
761 3356 802 3404 sic
821 3370 999 3418 acceperam,
1025 3361 1054 3404 ut
1078 3355 1196 3420 amplius
1220 3356 1347 3404 amittere
1367 3371 1421 3404 non
1440 3357 1548 3421 possim.

260 3440 357 3505 quodsi
376 3438 451 3488 aliud
470 3454 524 3487 non
542 3444 599 3499 est,
619 3438 671 3489 hoc
689 3438 787 3488 saltem
801 3439 904 3500 babeo,
925 3440 990 3503 quia
1003 3440 1149 3489 nonnullas
1162 3440 1248 3489 didici
1262 3439 1370 3498 literas,
1392 3456 1461 3505 quas
1475 3441 1548 3505 igno·

244 3539 363 3583 sarem,
382 3524 406 3573 si
424 3524 571 3589 pueritiam
591 3540 679 3573 meam
698 3525 775 3573 curia
793 3525 970 3588 suscepisset.
1007 3525 1059 3573 Est
1077 3525 1149 3573 enim
1163 3525 1190 3572 in
1205 3526 1288 3574 curiis
1302 3526 1457 3590 principum
1471 3527 1548 3576 vitio·

258 3624 317 3658 sum
336 3607 433 3657 literas
451 3623 545 3665 nosse,
572 3615 600 3657 et
622 3608 716 3672 probri
733 3608 795 3658 loco
814 3608 923 3658 ducitur
946 3608 1081 3674 appellari
1105 3609 1232 3659 disertus.
1269 3611 1319 3658 Est
1338 3611 1431 3674 itaque
1451 3625 1549 3676 magna

258 3693 430 3743 literatorum
450 3691 590 3752 molestia,
611 3707 672 3741 curn
691 3709 720 3742 se
740 3695 878 3743 contemni
898 3710 946 3758 per
964 3695 1056 3743 omnia
1074 3694 1180 3755 vident,
1202 3701 1231 3743 ct
1248 3712 1292 3744 res
1311 3696 1446 3744 inanimae
1460 3696 1495 3745 ab
1508 3695 1548 3744 his

258 3778 342 3843 dirigi
361 3778 406 3842 qui
424 3777 470 3827 rin
489 3777 676 3826 intermunus
695 3784 723 3827 et
741 3777 825 3842 pedes
844 3784 909 3842 quot
928 3779 1032 3829 habant
1050 3780 1152 3845 digitos
1172 3786 1279 3829 norunt.
1321 3769 1376 3829 seu
1400 3787 1444 3829 cst
1467 3782 1548 3830 etiam

258 3862 401 3912 illiteratis
420 3877 525 3911 summa
542 3861 679 3923 turbatio,
699 3877 760 3911 cum
773 3863 846 3912 viros
860 3866 887 3912 in
901 3864 1005 3914 curiam
1017 3864 1113 3913 doctos
1127 3869 1155 3914 et
1167 3865 1268 3915 Latine
1281 3864 1427 3930 loquentes
1440 3866 1547 3914 venisse

257 3949 365 4009 vident,
386 3963 453 4012 quos
472 3954 610 4011 nequeunt
628 3946 795 4012 intelligere.
831 3950 903 4009 Quid
922 3956 1059 4014 praeterea
1077 3950 1110 3999 de
1129 3950 1302 3999 conscientia
1321 3953 1369 3998 tua
1382 3950 1547 4014 protulerim,

259 4049 319 4100 quse
338 4048 447 4098 semper
464 4033 587 4098 inquieta
607 4040 650 4082 est
667 4048 828 4098 semperque
847 4040 875 4084 te
894 4035 1038 4085 mordet?”
1057 4042 1105 4085 cte.
