3188 5422
254 355 327 425 440
657 398 664 411 ·
698 378 814 417 ntttoot
838 383 1109 418 rotvnonvrrnrtrct.

316 540 439 597 lulius.
475 540 514 595 Ne
537 539 765 612 obgsacrilegium
789 538 905 612 quidem.

317 627 456 682 Petrus.
493 623 552 681 Non
574 623 610 680 ob
622 623 842 697 blasphemiam?

319 709 441 766 lulius.
476 709 551 769 Non,
577 708 695 781 inquam.

315 784 447 849 Petrus.
482 793 541 848 lion
564 792 599 848 ob
622 792 788 848 haecomnia
814 792 892 847 simul
916 793 943 847 in
966 809 1045 847 unam
1070 810 1120 848 ceu
1141 792 1264 849 lacunam
1287 794 1426 849 ebullata?

318 878 441 934 lulius.
479 877 566 938 Adde,
589 877 611 932 si
635 876 714 938 libet,
738 884 864 934 sexcenta
886 877 1053 950 llagitiornm
1074 877 1209 937 nomina.·
1224 877 1265 933 his
1294 894 1407 952 quoque
1429 879 1553 941 lmdiorar

256 981 309 1030 non
333 971 425 1037 potest
448 970 536 1017 tamen
561 963 840 1036 nommusponmes
862 962 895 1018 ab
917 963 971 1017 isto
994 963 1157 1018 ‘summoveri
1177 962 1247 1026 loco.

187 1058 248 1108 tet.
321 1049 456 1103 Petrus.
499 1047 598 1101 Novata
627 1047 692 1101 mihi
723 1046 834 1103 llotuoni
868 1046 1003 1121 pontilicis
1038 1046 1199 1120 dignitatem
1232 1048 1381 1121 praedicas,
1421 1032 1540 1122 siquiden

163 1196 167 1201 ¹
257 1133 320 1189 hnic
342 1130 393 1187 soli
416 1130 479 1187 lieet
507 1131 617 1204 impune
639 1131 785 1205 pessimum
813 1149 881 1187 esse.
926 1131 991 1203 quin
1020 1131 1106 1204 magis
1134 1149 1230 1187 novam
1254 1131 1446 1189 infelicitatem
1468 1132 1539 1189 eoele-

257 1218 319 1278 siae.
343 1216 366 1271 si
390 1214 444 1270 tale
465 1224 623 1290 portentum
646 1215 719 1271 nulla
741 1216 782 1271 ria
805 1225 886 1288 queat
907 1224 1047 1275 excutere,
1071 1215 1206 1289 talemque
1222 1226 1340 1289 cogatur
1354 1219 1469 1274 adorare
1483 1235 1540 1292 pon·

165 1368 169 1376 s
259 1300 369 1361 bilicem.
399 1300 549 1356 cuiusmodi
572 1314 652 1356 nemo
674 1299 804 1357 toleraret
826 1300 1011 1357 stabularium.
1548 1319 1562 1356 u

187 1400 245 1448 §.sn
320 1385 452 1441 lulius:
476 1384 589 1454 Quidam
611 1384 646 1440 ob
665 1402 747 1449 turum
770 1386 908 1441 dumtaxat
928 1386 1046 1441 amoveri
1068 1384 1170 1440 dicunt.

319 1471 456 1526 Petrus.
490 1469 529 1524 nb
552 1470 624 1542 quod
653 1469 766 1526 obsecro
795 1470 980 1548 benefactum,
1016 1470 1233 1543 quandoquidem
1262 1471 1298 1526 ob
1326 1471 1469 1529 malefacta
1495 1490 1539 1528 non

255 1563 362 1629 potest,
385 1555 407 1609 si
429 1554 472 1610 ob>
488 1555 545 1610 baec
568 1572 628 1627 quae
647 1554 738 1609 dixisti
758 1572 814 1615 non
836 1548 946 1628 potest?

318 1639 439 1694 lulius
478 1638 518 1694 Ob
540 1639 641 1697 crimen
666 1639 816 1695 haereseos:
840 1649 868 1696 et
890 1640 926 1694 ita
948 1640 1069 1700 deinum,
1092 1639 1114 1693 si
1135 1638 1241 1713 publice
1265 1640 1302 1695 sit
1322 1642 1473 1698 convictae
1504 1660 1538 1697 re·

150 1770 161 1795 ,
255 1741 314 1780 rum
337 1724 365 1780 id
384 1741 494 1797 qunque
518 1723 643 1778 frivolum
660 1733 716 1786 est.
736 1741 824 1797 neque
846 1723 888 1780 vel
904 1724 1039 1780 tantillum
1056 1723 1304 1797 oldeitpoutilieiae
1321 1726 1469 1782 maiestati:
1491 1728 1559 1800 pri-u

179 1816 183 1825 '
212 1834 217 1838 ·
255 1826 328 1864 inum
345 1808 382 1863 illi
399 1809 426 1863 in
445 1825 525 1871 manu
539 1816 582 1863 est
602 1807 690 1881 legem
715 1809 799 1882 ipsam
820 1808 967 1882 abrogare,
987 1809 1010 1863 si
1030 1810 1119 1863 miuus
1140 1808 1259 1883 placeat:
1280 1810 1382 1866 deinde
1405 1812 1465 1885 quis
1479 1811 1538 1867 ausit

255 1911 389 1950 sumntum
414 1891 571 1968 pontificem
598 1893 624 1948 iu
651 1894 753 1949 crimen
779 1911 890 1956 vocare,
921 1894 1073 1968 praesertim
1103 1901 1145 1949 tot
1173 1903 1306 1951 armatum
1330 1897 1481 1968 praesidius
1508 1895 1533 1951 ad

255 1979 313 2051 irasc
342 1980 365 2033 si
392 1978 463 2034 sorte
492 1986 632 2052 prematur
657 1977 789 2040 concilio,
824 1978 910 2034 facilis
931 1987 974 2034 est
1001 1977 1150 2053 palinodia.
1184 1978 1207 2033 si
1230 1978 1344 2035 inticiari
1371 1999 1427 2036 uon
1455 1980 1536 2040 lietu

256 2072 397 2137 pestremo
420 2055 493 2118 mille
513 2070 577 2118 sunt
599 2062 743 2124 cuniculi,x
765 2063 863 2138 quibus
886 2063 963 2120 tacite
985 2065 1073 2139 possit
1095 2061 1179 2124 elabi,
1203 2064 1231 2119 ni
1255 2081 1373 2137 prorsus
1400 2067 1481 2140 stipes
1498 2066 1533 2125 sit,

256 2165 308 2203 oon
334 2149 424 2205 homo.
1538 2164 1555 2203 u

187 2241 246 2290 §.et
320 2233 459 2289 Petrus.
498 2231 549 2288 Sed
578 2232 621 2288 dic
649 2233 714 2288 mibi
737 2251 786 2306 per
813 2232 978 2307 pontificiam
1000 2233 1175 2306 dignitatem,
1208 2234 1270 2307 quis
1298 2233 1376 2308 leges
1405 2236 1468 2291 istas
1490 2243 1531 2288 tau

255 2317 409 2392 praeclaras<
423 2317 561 2374 condidit?

319 2401 445 2481 lulius«
479 2400 547 2469 Quis
573 2400 643 2457 alins
669 2402 722 2458 nisi
753 2402 815 2459 lons
844 2402 934 2476 legum
966 2403 1101 2464 onmium.
1135 2403 1277 2458 Romanus·
1299 2405 1443 2476 pontifex?
1469 2400 1528 2474 atqui

255 2487 375 2543 eiusdem
393 2496 435 2542 est
455 2486 544 2560 legem
558 2487 708 2560 abrogare,
732 2486 922 2560 interpretari,
938 2486 1066 2549 dilatare,
1082 2488 1289 2560 constringere,
1307 2498 1446 2563 utcunque
1462 2488 1527 2542 nsum

256 2580 298 2627 est
318 2572 375 2628 suis
395 2572 520 2646 expedire
543 2572 701 2629 commodis.
1532 2585 1548 2622 n

186 2668 245 2716 bos.
319 2656 455 2713 Petrus.
492 2655 608 2713 Felicem
631 2655 756 2731 prolecto
778 2655 950 2730 pontificem,
974 2658 996 2711 si
1020 2656 1108 2730 legem
1131 2656 1202 2712 lerre
1218 2657 1322 2730 possit.
1346 2675 1399 2730 qua
1415 2658 1525 2713 Christum

255 2741 336 2798 etiam
357 2742 463 2802 eludat,
486 2742 584 2796 nerium
607 2740 767 2805 concilium:
790 2758 943 2814 quanquam
959 2742 1088 2797 adversus
1103 2740 1258 2796 huiusmodi
1274 2742 1439 2814 pontificem.
1458 2742 1525 2798 cuins·

256 2827 326 2882 modi
349 2836 380 2882 tn
403 2827 484 2884 modo
506 2826 687 2900 descripsisti,
718 2825 807 2899 palam
830 2825 1011 2888 scelerosum.
1039 2825 1231 2887 temulentum,
1247 2826 1436 2889 laomicidam,
1463 2827 1523 2880 simo

255 2911 375 2975 niueum,
400 2911 560 2973 veneficum.
584 2910 738 2984 periurum,
761 2927 898 2985 rapacem.
918 2911 1089 2985 portentosis
1111 2910 1251 2965 libidinum
1267 2911 1416 2983 generibus
1431 2910 1522 2981 undique

254 3004 479 3071 conspurcatum.
508 2996 590 3070 idque
616 2995 774 3069 propalam,-
802 3013 857 3051 non
881 3004 933 3051 tarn
957 2996 1103 3069 optandum
1129 2994 1257 3068 generale
1277 2996 1437 3058 concilium,
1463 3004 1543 3068 quina

190 3089 285 3142 §.utut
308 3081 385 3155 plebs
408 3090 509 3139 aruiata
531 3080 602 3136 saris
624 3088 654 3135 ut
676 3079 810 3153 publicam
836 3080 910 3136 orbis
940 3090 1042 3154 pestem
1073 3096 1088 3135 e
1116 3079 1204 3135 medio
1231 3079 1321 3135 tollat.
1367 3080 1460 3137 Verum
1479 3092 1520 3148 age

254 3165 296 3219 die
319 3166 384 3220 mibi
406 3183 455 3221 cur
476 3166 611 3221 Rornnuus
634 3164 757 3238 pontifex
780 3173 923 3238 tantopere
945 3166 1056 3220 horreat
1077 3163 1204 3237 generale
1226 3165 1392 3221 concilium?

318 3250 439 3306 lulius.
476 3250 546 3318 Quin
569 3250 637 3306 idem
660 3267 674 3303 a
702 3249 856 3305 monarchis
879 3251 994 3322 quaeris,
1022 3267 1071 3306 cur
1093 3257 1216 3305 senatum
1245 3257 1274 3305 et
1295 3250 1418 3306 celebres
1438 3260 1520 3305 conses-

254 3351 303 3389 sus
323 3335 448 3390 oderint?
478 3353 574 3409 nempe
602 3333 676 3408 quod
705 3333 783 3388 turba
813 3342 853 3389 tot
881 3333 1068 3390 excellentium
1091 3334 1210 3389 virorum
1240 3334 1366 3389 nonnihil
1382 3334 1520 3390 obscaena

255 3419 329 3490 regia
353 3419 488 3491 dignitas:
512 3420 557 3493 qui
579 3419 652 3475 ducti
676 3426 753 3480 sunt,
778 3418 811 3474 iis
832 3418 920 3474 literne
941 3418 1059 3475 fidutiam
1083 3419 1215 3482 reddunt:
1245 3416 1292 3492 qui
1314 3419 1386 3476 bona
1410 3415 1539 3475 consuent⁵

256 3502 292 3556 tia
318 3502 400 3568 freti,
429 3502 541 3559 liberius
564 3489 717 3577 loquuntur
738 3520 818 3577 quain
847 3503 925 3560 nobis
946 3504 1084 3577 expediam
1117 3504 1163 3577 qui
1190 3503 1325 3576 dignitate
1354 3503 1467 3579 praediti.
1487 3513 1518 3552 2¹1·

186 3587 386 3642 §.authoritate
420 3596 535 3644 utuntur
568 3606 624 3644 sna.
664 3588 795 3644 accedunt
827 3597 854 3643 et
882 3588 955 3643 inter
976 3588 1027 3646 hos
1054 3587 1193 3649 nonnulli,
1227 3588 1273 3660 qui
1301 3597 1406 3645 nostrae
1429 3584 1518 3641 inrident

254 3669 364 3743 gloriae,
387 3680 416 3727 et
436 3672 508 3728 hune
529 3672 645 3728 animum
669 3689 761 3729 secum
784 3673 913 3747 all'eruut.
947 3681 977 3728 ut
998 3673 1120 3728 rniunant
1141 3671 1279 3746 pont-ilicis
1305 3682 1334 3729 et
1363 3691 1429 3747 opes
1450 3677 1471 3726 et
1486 3680 1518 3721 au·

273 3967 275 3972 -
320 3937 570 3989 ⁴lnounnm1.10.
601 3938 706 3987 lernam
725 3941 875 3993 2,3.5.8.15.
911 3926 1025 3989 laeriram
1043 3942 1085 3992 11.
1149 3938 1214 3989 ⁶ob
1234 3940 1289 3988 ista
1307 3940 1456 3990 submoneri
1475 3932 1518 4009 ²³²,

252 4027 393 4078 mortis.
429 4024 563 4073 ⁷Nonum
582 4039 648 4073 uero
667 4027 916 4076 m.2.3.5.8.1r.15.
952 4024 1059 4085 itiam
1079 4027 1145 4075 itui.
1170 4024 1386 4076 Tum2.3.5.11.
1409 4015 1516 4072 lumi-ll·

215 4119 219 4126 ’
255 4106 275 4139 ²⁰
294 4108 394 4159 toleret
412 4111 540 4165 2.3,8.r1.
594 4106 877 4169 1ί(ὶιιὶᾶιιιηοηιιίω.
935 4122 1018 4157 uuum
1038 4107 1165 4171 quiddam
1184 4109 1210 4157 d.
1229 4110 1358 4159 2.3.8.11.
1411 4095 1516 4172 possedi

252 4198 327 4241 cuns.
348 4181 503 4246 nessii.
557 4191 578 4224 ¹³
597 4193 691 4242 atarto
711 4195 849 4244 inanis.
874 4193 930 4242 aur
949 4195 1076 4244 ennii.
1125 4190 1146 4223 ¹⁴
1165 4197 1193 4241 et
1212 4195 1353 4243 asinis.
1374 4200 1403 4242 at
1418 4181 1516 4240 aner!-

253 4273 274 4305 ¹⁶
293 4274 334 4324 illi
353 4262 377 4324 1'.
391 4283 452 4325 ete.
465 4294 512 4325 oni.
527 4279 579 4326 atii.
632 4276 653 4308 ²¹
672 4277 838 4341 dignitatem
858 4279 996 4327 rodone.
1027 4279 1336 4349 potestatemrtseur.
1372 4264 1516 4325 ”contib

253 4358 363 4408 cendit?
381 4363 406 4409 8.
470 4359 492 4391 ²⁴
510 4354 665 4425 astringere
684 4362 883 4421 aaronem.
952 4359 975 4403 ³⁰
994 4365 1193 4425 conspueatnm
1211 4366 1235 4409 5.
1300 4359 1322 4392 ³¹
1338 4369 1373 4411 ub
1393 4348 1517 4412 omisa-¹⁵·

251 4441 403 4505 publici-tus
422 4445 519 4508 orb..p.
534 4433 616 4494 tollet
635 4462 649 4494 e
668 4445 757 4494 medio
775 4450 800 4494 5.
870 4461 894 4496 0.
907 4460 934 4509 p.
954 4445 1105 4510 publicitus
1127 4444 1208 4493 tollat
1232 4461 1247 4493 e
1266 4446 1358 4496 medio
1377 4431 1518 4497 batilli·

251 4524 273 4556 ³²
293 4527 356 4589 quid
376 4534 418 4577 est
437 4542 538 4587 cartsae,
559 4544 608 4586 eur
625 4532 840 4583 assentio„
869 4530 1105 4581 horreatl.1d.!1.
1124 4529 1236 4579 horrens
1255 4533 1344 4581 ceteri.
1384 4529 1407 4560 θ’
1422 4513 1518 4577 bislll·

253 4609 381 4659 fiduciam
400 4612 536 4674 (fidutiam
549 4613 585 4674 5.)
604 4613 626 4662 dt
645 4613 791 4678 audaciam
810 4616 1007 4665 resedire.
1045 4614 1148 4663 addunt
1161 4616 1315 4666 tennis.
1351 4596 1518 4663 adducunlll·

251 4691 314 4740 boni
335 4696 387 4745 ar.
409 4698 460 4748 ne.
513 4694 535 4727 ³⁷
553 4702 582 4746 et
600 4701 669 4747 omo.
689 4701 815 4750 assit
868 4684 1250 4751 ³⁸minuant2.3.s.e.1iss15.
1296 4699 1468 4748 minuerem.
