3270 5430
278 373 327 445 78
532 386 599 439 1111,
668 374 807 439 acervat.
865 403 1006 439 naaaoavs
1025 402 1209 439 sarasnrcvs.
1230 386 1320 452 (tato.)

341 576 516 621 mansura.
554 532 681 618 Tantum
704 557 795 626 forte,
818 556 870 618 sed
894 564 926 617 ut
948 556 1118 634 dignitatem
1140 563 1224 618 tuear
1247 557 1382 627 interim,
1412 575 1448 618 eo
1470 555 1567 636 aliquid

278 659 380 720 adiice.
1081 644 1087 648 ’

342 780 497 824 rosarum
535 760 571 820 dt
593 758 663 821 illud
684 761 761 821 tueri
784 762 933 839 negotium
954 759 1045 820 dabit.

340 872 524 925 morsura(
554 862 619 923 Non
642 862 737 930 dabit;
767 880 833 922 nam
864 878 919 938 ago
941 864 1010 922 satis
1033 879 1097 921 esse
1120 861 1190 922 mibi
1213 860 1340 940 putabo,
1371 880 1429 922 nec
1455 860 1566 922 alterius

278 966 404 1044 cupiam.
1389 962 1397 969 ‘
1573 982 1582 1019 s

222 1080 268 1131 §.a
341 1083 495 1126 acervus.
535 1062 619 1134 Quod
642 1063 741 1125 ridere
762 1070 791 1124 te
812 1044 948 1133 eddecel,
971 1064 1079 1144 nequid
1102 1064 1291 1126 incommodo
1314 1072 1399 1144 petas
1420 1072 1487 1126 tuo:
1515 1065 1563 1123 ian

278 1170 341 1230 haec
363 1164 529 1245 periculose
552 1164 658 1225 misces
680 1172 711 1225 tu
735 1166 826 1235 enim,
850 1174 991 1245 quantum
1014 1164 1160 1244 intelligo,
1184 1170 1276 1228 otium
1301 1174 1331 1226 et
1353 1166 1533 1244 dignitatem.

342 1285 515 1330 nvrrsuvs.
554 1264 693 1336 Quaedam
717 1274 760 1327 est
782 1268 868 1327 etiam
892 1268 921 1327 in
944 1269 1004 1346 qtio
1026 1268 1167 1344 dignitas,
1197 1287 1255 1328 non
1280 1269 1380 1328 minus
1410 1288 1459 1336 ea,
1491 1284 1568 1347 quana
1610 1252 1612 1255 ¹

278 1369 318 1431 illi
341 1368 492 1430 mordicus
514 1374 615 1428 tenent
636 1367 812 1447 locupletes,
837 1367 975 1429 cucarrda.

341 1490 495 1534 scurrus.
533 1468 576 1528 Ad
597 1469 676 1535 banc
698 1467 836 1529 tuendam
860 1475 1000 1548 quantum
1025 1471 1066 1528 ris
1088 1468 1233 1532 tribuam?
1577 1489 1594 1529 u

222 1589 271 1640 qa.
344 1591 516 1634 avarsuvs.
555 1571 624 1632 Sino
646 1568 948 1648 pontum-rationes
970 1581 1002 1630 ut
1023 1580 1122 1647 putem
1145 1590 1255 1636 stac&
1279 1571 1416 1632 Primum
1439 1569 1571 1632 uxorubi

279 1675 444 1752 continget,
467 1672 553 1733 isthic
575 1671 682 1732 domus
704 1670 938 1750 comparabitur,
963 1672 1041 1731 iuxta
1058 1671 1150 1742 horti,
1174 1680 1256 1733 extra
1273 1672 1364 1741 vium
1388 1674 1430 1734 ibi
1445 1675 1572 1753 piscium

278 1781 341 1835 tum
364 1792 453 1838 canes
475 1773 512 1838 ad
534 1772 716 1842 venandum
745 1775 812 1854 equi
834 1774 989 1852 perpauci,
1020 1781 1061 1852 ut
1074 1775 1215 1852 expoliari
1237 1792 1457 1855 nonuunquam
1478 1773 1572 1840 liceat:

277 1875 383 1936 deinde
399 1895 463 1955 quae
478 1875 515 1936 ad
532 1873 655 1935 villicum
671 1875 910 1952 procurationem
927 1877 1107 1944 necessaria,
1123 1874 1239 1952 famuli,
1257 1875 1415 1946 custodes,
1432 1879 1573 1941 iumenta:

277 1976 355 2038 domi
379 1996 448 2037 aero
463 1962 598 2046 abacos,
622 1975 704 2044 lecti,
728 1972 872 2043 culcitrae,
896 1975 1021 2047 lectica,
1045 1977 1192 2054 porticus,
1216 1976 1413 2047 bibliotheca,
1438 1979 1602 2038 coenatio-u

278 2096 345 2148 nes,
369 2080 519 2147 mtuaria,
542 2076 670 2146 balncce3
694 2078 779 2136 orori
802 2078 921 2137 restitus
936 2085 966 2136 et
980 2084 1116 2157 narratum
1135 2086 1227 2156 atque
1243 2078 1422 2140 haecomnia
1439 2079 1476 2138 ad
1494 2096 1575 2138 usum

279 2199 346 2239 cum
368 2178 540 2258 splendore,
570 2197 629 2239 aon
653 2177 798 2241 etiamad
821 2176 938 2246 luxum;
967 2177 1152 2239 abundanter
1174 2179 1345 2242 babendum
1375 2160 1475 2255 autem
1500 2178 1576 2251 unda

279 2281 506 2360 agnascentibus
527 2278 629 2343 liberis
651 2281 778 2360 prospici
801 2281 900 2357 possit.
1485 2335 1492 2340 .

222 2396 268 2446 to.
343 2402 497 2444 acervus.
534 2381 627 2441 Vitam
651 2365 802 2441 instituere
824 2387 854 2440 tc
875 2383 969 2441 sentio
991 2381 1207 2461 tranquillitatis
1230 2381 1397 2443 trabituram
1419 2401 1480 2443 non
1504 2380 1577 2447 mul-

278 2491 356 2552 tum;
379 2483 432 2546 sed
455 2483 499 2562 def
515 2501 550 2567 co
572 2489 638 2561 post
660 2480 831 2562 loquamur,
862 2483 950 2561 prodo
973 2483 1020 2543 dic
1043 2490 1184 2562 quantum
1209 2485 1250 2542 vis
1272 2485 1301 2544 io
1325 2483 1461 2560 singulos
1483 2501 1610 2546 auaosu

277 2585 356 2665 quod
379 2583 518 2664 parandis
539 2583 585 2644 his
607 2590 636 2643 et
659 2582 866 2644 conservandis
888 2583 969 2643 dicas
991 2601 1055 2644 esse
1078 2585 1165 2643 satis?

340 2706 513 2762 sorranus.
552 2686 593 2747 Da
616 2684 694 2746 mille
717 2702 839 2754 aureos,
862 2685 887 2745 si
908 2683 966 2751 boc
989 2703 1077 2763 grave
1099 2703 1158 2747 non
1182 2692 1239 2755 cst,
1262 2685 1393 2747 domina,

290 2813 292 2817 ¹
339 2807 494 2851 acervus.
532 2787 597 2847 Non
621 2794 665 2847 est
687 2803 791 2863 grave,
815 2786 958 2864 siquidem
981 2785 1112 2847 dandum
1127 2786 1288 2857 videbitur;
1312 2804 1419 2866 parum
1435 2787 1580 2866 quiddam

277 2889 374 2950 iudico
397 2890 476 2951 enim
495 2888 535 2969 ¹ad
560 2895 655 2963 tantos
678 2889 751 2965 istos
771 2887 892 2948 alendos
913 2888 1052 2964 strepitus
1074 2885 1152 2966 ruille
1180 2906 1351 2953 nummum:
1381 2906 1476 2950 unum
1510 2908 1580 2951 uero

223 2991 350 3060 §.amihi
372 2991 536 3069 responde,
563 2991 627 3051 Non
651 2989 707 3049 boc
729 2987 885 3068 pauloaute
908 2987 1025 3049 volebas
1048 2988 1081 3049 iis
1103 2989 1186 3066 prius
1208 2989 1279 3049 dare
1302 2988 1412 3068 aliqdid
1437 3008 1516 3059 me,¹
1530 2991 1614 3068 quius

276 3092 437 3172 plurimum
460 3093 601 3171 egerent?

339 3213 512 3257 marsuas.
550 3193 587 3253 lis
608 3194 688 3271 ipsis.

338 3315 493 3357 acervus.
531 3293 595 3354 Utri
629 3291 695 3372 plus
728 3288 816 3372 cgdnt
848 3299 961 3372 autem,
998 3289 1105 3372 quibus
1136 3289 1235 3370 plura⁴
1255 3291 1362 3354 dosunt
1394 3310 1432 3354 an
1466 3293 1581 3372 quibus

276 3396 435 3475 pauciora?
1179 3460 1181 3465 =
1418 3459 1423 3466 p

339 3513 512 3557 uvarauvs.
550 3495 663 3566 Quibus
690 3494 790 3574 plura:
824 3515 892 3559 nam
919 3494 1026 3576 quibus
1052 3511 1146 3575 pauca
1175 3493 1296 3564 deuant,
1331 3496 1350 3556 ii
1373 3495 1432 3557 iam
1456 3495 1611 3563 haberem

275 3596 410 3656 ridentur
433 3615 491 3674 quo
514 3598 625 3666 vivant,
649 3598 719 3658 dum
742 3600 894 3676 erigantur
916 3598 1020 3675 stipsi
1043 3597 1092 3674 qui
1114 3594 1184 3657 nihil
1200 3601 1251 3657 aut
1265 3598 1316 3676 qui
1330 3615 1439 3677 parum
1453 3597 1578 3662 haberit.

221 3716 268 3766 §.a
320 3717 494 3782 procorus.
531 3697 624 3775 lgiuu
646 3697 807 3759 Fuccberis
838 3700 909 3760 darc
937 3698 1065 3777 primum
1094 3704 1210 3774 oportet
1238 3716 1301 3765 me;
1337 3695 1468 3763 clamant
1497 3702 1578 3761 enun

275 3816 369 3858 auitos
392 3798 448 3876 iam
471 3797 581 3876 aliquot
604 3798 738 3859 ducentis
760 3800 888 3875 millibus
910 3816 985 3877 opus
1014 3816 1078 3856 esse
1105 3799 1261 3875 quotannis
1279 3798 1345 3861 sibi
1375 3799 1411 3860 ad
1443 3818 1479 3862 ca
1511 3821 1579 3882 quac

274 3900 357 3983 prius
380 3898 563 3967 habuerunt,
593 3907 624 3960 nt
646 3906 739 3960 totum
763 3907 897 3971 coemant
919 3899 956 3959 ab
979 3897 1059 3962 ludis
1080 3898 1165 3978 piper
1187 3917 1222 3959 ac
1244 3898 1273 3977 id
1288 3900 1434 3963 xefficiant
1459 3920 1499 3972 ne
1530 3906 1579 3970 cari

274 4008 471 4081 preterquam
494 3999 549 4061 sibi
573 3988 694 4061 facultas
716 4003 752 4061 sit
774 4001 918 4063 vendendi
940 4001 970 4060 in
992 3999 1110 4077 Europa
1133 4016 1271 4067 crocum,
1296 4002 1325 4060 iu
1348 4020 1466 4067 summa
1481 4003 1615 4080 ptari-s

282 4179 286 4186 ’
332 4173 350 4219 *¹
370 4185 564 4253 diglgnitalem
583 4189 608 4236 2.
661 4173 776 4237 lotium
795 4191 824 4249 pt
841 4183 928 4252 dign]
951 4184 1153 4237 Pirckhcimeri
1172 4184 1376 4237 admonitiones
1396 4187 1577 4255 Mutioniquo

274 4271 496 4323 recordationem
518 4267 567 4321 hic*
589 4269 656 4320 mihi
683 4282 835 4336 agnoscere
857 4270 963 4321 videor.
982 4295 1014 4303 -
1033 4265 1232 4334 ,Romanaque
1251 4271 1382 4320 videntur
1402 4264 1528 4323 eminere
1549 4277 1578 4324 in

273 4357 355 4407 asbus
373 4355 515 4416 humanis,
536 4390 586 4406 ...
604 4355 806 4420 perdifficiles
824 4371 851 4403 .;
872 4359 901 4404 et
919 4353 1019 4403 arduos
1034 4353 1164 4402 tramites
1183 4354 1332 4407 adsuatur:
1353 4357 1528 4421 conbagoss
1547 4359 1577 4407 in

272 4441 418 4507 fastigium
436 4439 583 4505 diguitatis
602 4440 650 4489 via
668 4442 737 4489 ost’'.
756 4437 854 4489 Senec.
869 4439 951 4503 epist
964 4452 1030 4486 mor.
1044 4437 1218 4500 X11.’2‚t8.-·
1236 4435 1258 4470 ¹⁸
1275 4436 1371 4504 isthic]
1390 4440 1578 4492 ancoturti

273 4526 308 4575 sd
326 4527 454 4576 umnam.
474 4522 518 4572 Ci.
538 4523 620 4587 epist.
642 4523 677 4572 ad
695 4522 845 4587 Glaubarg.
865 4522 890 4571 d.
904 4520 945 4570 26.
959 4519 1010 4569 Iul.
1032 4535 1057 4569 a.
1074 4519 1146 4570 1519.
1160 4522 1264 4572 datam.
1283 4522 1338 4573 vol.
1353 4524 1375 4573 1.
1395 4541 1422 4590 p.
1436 4524 1498 4575 286.
1513 4542 1576 4593 sqq.

271 4607 293 4641 ¹¹
311 4610 356 4658 Do
374 4603 460 4671 mitte]
479 4607 516 4655 m
533 4610 636 4669 quanto
655 4606 760 4655 maiora
778 4606 957 4670 pecuniarum
975 4604 1098 4670 pondera
1115 4606 1246 4656 Portunus
1264 4621 1350 4657 cornu
1372 4608 1459 4660 bodie
1485 4609 1576 4662 effun-

271 4694 337 4744 dere
356 4693 498 4756 opuscul,
525 4693 555 4737 ut
572 4687 623 4738 ills
641 4688 758 4737 Huttsal
777 4704 832 4741 noo
849 4689 931 4751 nimis
949 4688 1074 4740 modesta
1093 4689 1233 4760 desideria
1252 4690 1364 4758 exploro
1390 4695 1454 4760 quis
1473 4697 1577 4772 pos-sit.
