3210 5416
335 512 372 561 Hi
391 516 497 577 septem
521 512 625 577 dialogi
648 527 743 563 versus
766 512 847 564 finem
871 516 936 564 anni
960 515 1034 566 1520.
1053 517 1113 566 sive
1137 523 1214 568 certe
1238 524 1305 570 ante
1328 536 1377 570 ver
1400 522 1460 570 anni
1479 518 1537 570 llll.

268 601 487 661 conventumque
505 598 741 648 Wormaoiensem
764 598 879 663 primum
903 599 1026 665 prodisse
1051 602 1187 652 videntur.
1224 603 1365 665 Quantum
1389 606 1424 654 ad
1440 606 1538 655 Hutteni

268 683 374 748 scripta
393 687 421 731 ct
439 681 605 747 explicanda
624 687 652 732 et
671 682 858 733 confirmanda
877 684 999 748 iaciant,
1026 686 1060 734 iis
1087 687 1133 751 qui
1152 687 1245 753 legere
1264 689 1315 738 sed
1333 694 1362 739 et
1379 689 1452 739 lecta
1473 691 1538 738 intel·

265 767 360 831 legere
379 767 547 829 didicerunt,
568 783 621 817 non
639 770 729 833 magis
746 784 814 833 opus
833 773 875 818 est
894 769 987 819 multis
1004 770 1098 820 verbis
1117 788 1253 836 exponere
1274 788 1356 837 quarn
1375 774 1416 834 id,
1436 775 1539 839 quodtc-

267 854 387 904 meraria
405 853 522 918 primum
546 853 707 902 coniectura
729 853 900 915 iactitatum,
925 854 1037 912 deinde,
1062 860 1092 904 ut
1116 855 1157 916 iit,
1189 872 1206 906 a
1224 857 1319 906 multis
1342 860 1423 922 quasi
1446 873 1541 908 causam

268 939 477 1003 cognovissent,
498 942 526 987 et
539 953 556 987 a
567 936 747 988 Burokhardo
761 941 867 1004 quoque
885 940 1032 1004 repetitum
1050 946 1113 1005 est,
1129 940 1286 991 ¹Huttenum
1302 948 1375 1008 puta
1392 943 1481 992 horum
1496 943 1542 991 dic·

267 1023 390 1088 logorum
410 1028 551 1085 auctorem
564 1023 663 1084 luisse,
684 1022 833 1088 diligenter
845 1025 977 1075 refutare.
1008 1025 1114 1087 Quibus
1126 1026 1282 1076 rationibus
1295 1027 1423 1091 equidem
1435 1033 1463 1076 nt
1474 1026 1542 1076 Croto

268 1108 396 1158 Rubiano
415 1108 524 1158 eosdem
543 1106 740 1170 adscriberem,
761 1108 789 1158 id
803 1109 874 1172 quod
887 1108 936 1159 alii
950 1125 1056 1175 quoquo
1071 1115 1099 1160 et
1111 1126 1199 1175 nuper
1212 1112 1296 1160 ctiam
1311 1112 1465 1160 Straussius
1482 1111 1543 1160 iece-

268 1198 343 1256 runt,
364 1198 453 1243 motus
472 1207 572 1254 essem,
593 1209 634 1242 ece
653 1208 706 1242 uon
725 1208 819 1244 omnes
837 1194 866 1242 in
885 1194 1065 1249 adnotatione
1084 1193 1132 1258 (cl.
1146 1196 1280 1261 imprimis
1294 1195 1451 1246 Conciliab.
1463 1195 1543 1245 Tbeol.

267 1281 291 1342 ἕ.
305 1277 359 1342 40.)
378 1278 467 1328 locum
486 1277 603 1339 habent;
623 1277 739 1342 ideoque
758 1292 812 1327 non
830 1277 912 1328 nullas
931 1279 977 1329 hic
995 1280 1168 1345 proferendas
1196 1281 1339 1343 videntur,
1366 1295 1430 1331 curn
1446 1295 1544 1347 prater·

267 1365 316 1413 tirn
335 1366 390 1413 rion
408 1362 485 1413 nulla
509 1377 569 1427 quse
592 1362 646 1412 vol.
660 1362 682 1412 1.
700 1378 725 1427 p.
739 1362 798 1412 442.
817 1363 962 1425 adnotavi,
992 1365 1164 1415 emendanda
1189 1381 1250 1414 esse
1271 1366 1432 1416 videantur.
1464 1371 1545 1415 auctor

267 1447 412 1514 theologus
430 1447 539 1513 quidem
558 1448 622 1506 fuit,
642 1447 691 1497 sed
709 1448 777 1496 iuris
796 1448 925 1498 canonici
943 1464 998 1498 non
1016 1449 1164 1514 inperitus,
1189 1450 1292 1499 Latine
1318 1450 1470 1516 Graecequo
1486 1449 1543 1498 bene

267 1534 376 1601 doctus,
397 1534 443 1599 qui
461 1533 594 1583 Bononiae
612 1534 760 1598 Romaeque
778 1533 880 1583 diutius
899 1538 1020 1606 moratus
1039 1535 1143 1596 luerat,
1168 1533 1285 1584 Lutheri
1306 1535 1414 1597 fautor,
1437 1536 1545 1584 Hutteno

268 1620 409 1669 interioris
428 1618 604 1669 admissionis
622 1617 739 1680 amicus,
770 1632 873 1666 morum
897 1620 1114 1684 scriptorumque
1139 1619 1241 1683 equitis
1259 1619 1382 1683 diligens
1400 1621 1544 1673 aestimator,

267 1705 327 1770 ipae
347 1704 375 1753 in
393 1704 551 1755 deridendis
570 1701 718 1769 oequalium
737 1703 876 1758 erroribus
894 1703 1025 1768 vitiisque
1044 1703 1163 1768 scriptor
1181 1702 1248 1752 salis
1267 1704 1486 1769 facetiarumque
1498 1704 1544 1767 qui-

266 1790 317 1839 bus
331 1788 380 1839 illa
392 1793 517 1861 tempora
531 1789 648 1838 maxime
662 1789 828 1854 gauderent,
850 1788 884 1837 ad
897 1787 1078 1837 dicacitatem
1091 1803 1177 1853 usque
1191 1803 1311 1854 sparsor,
1326 1805 1438 1854 procax,
1452 1804 1502 1838 non
1512 1788 1543 1836 in·

267 1874 382 1940 probus:
401 1875 555 1924 Lucienurn
575 1873 679 1923 imitari
697 1871 776 1922 multi
794 1877 851 1932 tum
870 1870 1052 1922 conabantur.
1087 1872 1158 1923 vido
1182 1887 1262 1938 quam
1287 1873 1359 1922 bene
1384 1874 1444 1924 hacc
1467 1872 1543 1923 omnia

267 1960 302 2009 in
320 1959 431 2010 Crotum
455 1959 570 2019 cadant,
603 1958 680 2007 cuius
702 1957 843 2007 scribendi
867 1957 1063 2023 cogitandique
1088 1958 1281 2007 consuetudini
1309 1958 1339 2007 hi
1363 1957 1468 2023 dialogi
1489 1959 1543 2006 mire

266 2045 377 2094 omnino
396 2046 571 2094 conveniunt.
608 2044 738 2093 Fortasse
757 2042 817 2107 ipso
836 2041 940 2091 Coralli
957 2043 1066 2092 nomine
1085 2044 1171 2092 utitur
1188 2042 1332 2092 Rabienus
1350 2059 1405 2093 non
1429 2060 1445 2092 a
1462 2042 1542 2105 Mysia

265 2130 371 2194 pellitis
391 2126 522 2189 Corallis,
548 2126 659 2177 incultis
677 2126 818 2188 barbaris,
845 2127 1000 2191 desumpto,
1024 2127 1072 2177 sed
1090 2133 1120 2177 ut
1142 2143 1242 2176 nomen
1265 2142 1359 2196 suum,
1384 2129 1461 2192 quasi
1479 2142 1493 2175 a
1509 2140 1541 2173 ru·

265 2214 355 2265 bendo
375 2213 439 2277 (non
453 2230 469 2263 a
482 2212 561 2277 rubo)
580 2213 641 2278 ipse
653 2212 864 2277 adsumpsisset,
885 2212 1037 2261 coniuratis
1050 2211 1217 2262 subobscure
1231 2211 1383 2262 indicaret:
1404 2218 1475 2262 certe
1490 2211 1540 2259 hinc

266 2299 330 2348 indo
348 2297 520 2364 κοραλλίζει,
540 2299 559 2350 i.
575 2314 597 2347 e.
611 2297 742 2347 rubentes
760 2297 852 2362 prodit
870 2297 948 2361 quasi
968 2296 1105 2345 scintillas
1124 2301 1231 2360 auctor,
1257 2303 1288 2346 ut
1306 2296 1452 2347 Mosellam
1473 2280 1540 2343 rubr!

268 2368 384 2434 corallia
400 2383 505 2432 nudare
523 2374 661 2432 Ausonius
680 2381 783 2445 (auu)
802 2381 899 2446 pinxit.
935 2381 1061 2445 Abydeni
1080 2381 1259 2446 sycophantae
1279 2380 1349 2431 alios
1374 2399 1424 2447 per
1444 2398 1488 2431 ora
1503 2380 1538 2429 ho-

266 2469 367 2517 minum
379 2468 552 2518 traducentis
565 2466 718 2531 adpellatio
733 2473 787 2516 est:
805 2460 958 2534 Ἀβυδηνὸν
971 2457 1151 2531 ἐπιφόρημα,
1165 2467 1304 2516 zenobius
1318 2468 1339 2516 l.
1349 2466 1371 2517 l.
1380 2468 1429 2526 ait,
1443 2463 1536 2528 εἴρηται

267 2545 299 2602 δὲ
316 2543 335 2618 ἦ
354 2550 496 2617 παροιμία
513 2549 563 2602 aul
581 2542 641 2602 α’πὸ
658 2550 710 2602 τοῦ
728 2542 776 2602 ὁπ’
789 2542 884 2601 αὐτοῖν
901 2550 1147 2615 συκοφαντεῖσθαι
1166 2542 1233 2608 τοὺς
1252 2545 1365 2613 ξένους,
1391 2559 1418 2600 et
1429 2548 1535 2600 Eustath.

266 2638 301 2687 ad
313 2637 345 2701 ll.
360 2638 394 2686 ll.
408 2635 467 2687 836.
492 2631 586 2688 ίστὲον
604 2631 636 2687 ai
654 2631 704 2687 nul
717 2623 764 2691 ὅτι
783 2629 814 2686 τὸ
832 2626 958 2701 ’Ἄβυδος
976 2625 1094 2700 ὕστερον
1112 2624 1158 2685 ἐντὶ
1176 2631 1363 2701 συκοφάντου
1383 2627 1466 2700 ἐτέθη
1482 2647 1543 2711 ταν.

266 2720 403 2787 captantis
421 2713 470 2772 διὰ
484 2716 516 2772 τὸ
534 2720 633 2771 δοκεῖν
645 2715 829 2786 συκοφάντας
841 2711 1019 2786 Ἀβυδηνούς
1072 2719 1184 2770 τίθεται
1200 2713 1246 2778 dl,
1266 2720 1372 2786 φασίν,
1391 2711 1409 2786 ιΙ
1421 2714 1488 2781 λέξις
1498 2711 1534 2765 καί

266 2798 313 2860 ἐπὶ
331 2805 383 2858 τοῦ
400 2799 476 2857 εἶναι
495 2799 561 2883 cosle
579 2801 693 2856 εἰκαίαν
710 2803 760 2856 ναί
774 2795 894 2864 ου’δένος
910 2795 1003 2867 α’ξίσυ.
1280 2797 1284 2803 ’

174 2940 179 2948 ,
333 2892 467 2958 Exempla
483 2892 580 2942 horum
598 2896 704 2956 septem
722 2889 893 2955 dialogorum
911 2889 971 2938 haec
990 2895 1066 2939 sunt:

268 2977 292 3039 1)
311 2976 464 3027 DmLOGI
480 2975 484 3041 Ι
501 2975 618 3043 septem,
644 2973 743 3025 festiue
763 2965 883 3024 candidi.
900 2972 903 3038 Ι
929 2975 1044 3024 Momus.
1066 2971 1070 3036 Ι
1091 2973 1216 3023 Carolus.
1238 2979 1243 3039 Ι
1263 2975 1397 3035 Pietatis,
1416 2973 1437 3023 ds
1453 2974 1529 3035 Super·

267 3061 385 3113 stitionis
409 3078 511 3128 pugna.
534 3060 537 3126 Ι
559 3058 778 3111 Conciliabulum
796 3056 1050 3123 Theologiitarum,
1080 3056 1234 3118 aduersus!
1255 3059 1386 3109 bonarum
1414 3058 1528 3108 literarum

265 3145 407 3197 studiosos.
424 3145 428 3211 Ι
443 3146 685 3212 Apophthegmata
703 3142 831 3203 Vadilci,
852 3143 876 3192 de
895 3140 1043 3208 Paiquilli,
1064 3143 1097 3193 de
1114 3141 1118 3206 Ι
1134 3142 1287 3207 deprauata
1306 3141 1438 3194 Ecclesia
1460 3131 1527 3197 statnl

265 3233 404 3281 lluttenus
423 3232 560 3297 captiuus.
576 3228 581 3296 Ι
597 3232 736 3281 Huttenus
754 3226 878 3278 illustris.
899 3228 903 3292 Ι
936 3227 1060 3295 authore
1074 3228 1102 3277 8.
1122 3225 1265 3290 Abydeno,
1279 3225 1284 3291 Ι
1301 3228 1418 3285 Corallo,
1433 3227 1437 3291 Ι
1451 3216 1527 3280 Cerni

266 3314 336 3378 ‘,‘l
361 3317 379 3376 †
404 3314 467 3378 llte
490 3317 518 3365 in
542 3313 697 3365 uniuersum
716 3313 821 3376 orbem.
845 3311 850 3376 Ι
871 3312 888 3375 †
909 3309 921 3379 ΙΙ
936 3316 1027 3362 atet
1044 3329 1068 3361 n.
1094 3311 1128 3362 8⁰.
1149 3311 1182 3362 54
1197 3312 1272 3373 folia.
1310 3313 1343 3363 Iu
1360 3329 1419 3378 pap.
1437 3314 1472 3359 alt
1487 3312 1527 3356 est:

264 3400 373 3449 LAETA
389 3413 393 3457 Ι
408 3400 597 3450 Llnnn'rns.
618 3398 672 3461 (cf.
685 3400 803 3448 Panzeri
816 3397 874 3448 Ulr.
888 3414 913 3448 v.
928 3399 1044 3447 llutten.
1065 3395 1138 3446 1798.
1157 3396 1195 3447 8⁰.
1214 3414 1240 3462 p.
1257 3395 1408 3460 198...202.)

264 3483 292 3546 ’2)
312 3480 512 3548 Pasquillorum
532 3484 599 3533 torni
617 3484 677 3533 duo.
698 3483 754 3547 (Cf.
768 3482 827 3533 lnd.
841 3482 971 3548 bibliogr.
985 3483 1064 3531 Hutt.
1078 3472 1106 3531 n.
1117 3481 1170 3544 55.)
1189 3498 1215 3546 p.
1232 3480 1370 3531 101...191.

264 3568 292 3631 3)
311 3558 435 3618 Mlincllii
455 3567 570 3633 exempl.
583 3569 652 3633 lipp.
667 3569 742 3617 obsc.
756 3569 821 3617 virr.
841 3567 891 3631 (cs.
905 3567 964 3638 Iud.
980 3567 1047 3616 bibl.
1059 3567 1137 3615 Hutt.
1152 3582 1178 3615 n.
1193 3566 1246 3629 78.)
1266 3583 1292 3630 p.
1307 3564 1442 3615 354...407.

333 3643 553 3703 Conciliabulum
573 3651 812 3718 theologistarum,
832 3652 973 3701 iluttenus
987 3652 1114 3716 captivus
1134 3657 1161 3700 et
1173 3652 1314 3700 Huttonus
1327 3649 1439 3699 illustris
1453 3646 1524 3708 regu·

263 3744 308 3789 tur
326 3739 410 3788 etiam
430 3738 457 3786 in
475 3735 519 3784 his
538 3735 723 3800 Epistolarum
742 3738 918 3787 obscurorum
937 3739 1055 3786 virorum
1075 3734 1222 3800 exemplis:

331 3821 359 3887 α)
379 3838 404 3872 a.
419 3821 492 3871 1557.
510 3820 773 3885 numantiorum
791 3823 824 3872 de
844 3821 991 3887 generibus
1009 3821 1192 3870 ebriosorum:
1212 3820 1262 3869 sed
1280 3819 1428 3885 separatim
1444 3810 1524 3864 duabus

153 3955 157 3961 .
262 3908 384 3975 plagulis
403 3907 484 3969 (AB,
505 3905 537 3954 ‘22
556 3905 642 3971 foliis)
671 3921 693 3956 s.
708 3905 799 3957 [ἂν.
820 3906 991 3956 indicatione
1016 3906 1085 3955 editi
1108 3912 1184 3966 sunt,
1214 3904 1287 3954 unde
1313 3903 1399 3954 multa
1420 3891 1524 3959 Exempl⁸

263 3995 333 4060 Epp.
346 3993 380 4043 Ο.
393 3993 426 4042 V.
446 3991 495 4042 illo
513 4007 586 4042 anno
601 4006 735 4057 expressa
754 3992 862 4041 eosdem
881 3991 1007 4055 dialogos
1025 4006 1078 4040 non
1095 3990 1209 4045 habeut.
1499 4006 1501 4008 ·

330 4077 355 4140 ι)
374 4077 551 4128 Francorum
571 4074 644 4127 rora.
666 4075 715 4125 ιν.
735 4093 761 4142 p.
775 4074 926 4134 au...4or.‚
949 4076 997 4124 um
1021 4075 1092 4124 falso
1111 4073 1237 4149 σταται
1261 4073 1357 4123 arura
1381 4077 1421 4122 est
1437 4081 1485 4133 qua
1498 4057 1523 4109 ,r

159 4198 166 4207 .
262 4163 331 4227 Epp.
351 4161 384 4211 Ο.
398 4163 430 4210 V.
450 4162 583 4226 pertinet:
604 4162 699 4212 ‘lione
711 4160 844 4224 Stamputo
856 4177 904 4210 con
913 4162 1049 4225 priuilepio
1065 4161 1109 4209 del
1120 4160 1207 4223 Papa,
1225 4157 1248 4208 ds
1262 4154 1268 4222 Ι
1283 4161 1426 4220 confirmato
1441 4157 1462 4202 ia
1475 4152 1521 4210 latu

262 4248 305 4311 pai
321 4249 392 4310 culpo
410 4247 514 4305 diritrer,
534 4247 585 4295 Bel
601 4248 700 4296 vedere.
718 4244 722 4308 Ι
737 4248 833 4294 arsis!
849 4240 855 4310 Ι
869 4243 1011 4309 (Sequitur
1023 4243 1135 4293 libellus
1155 4243 1188 4292 de
1201 4243 1353 4308 generibus
1366 4227 1521 4291 ebriosorum)

331 4329 356 4393 c)
374 4330 552 4380 Francolurti
570 4330 639 4387 1757.
653 4328 690 4379 8⁰.
704 4347 730 4395 p.
744 4327 885 4379 266...300.
900 4328 1031 4394 (Sequitur
1042 4330 1099 4377 item
1109 4328 1180 4389 falas
1191 4330 1243 4377 ista
1254 4326 1387 4393 clausula.)

330 4413 424 4464 Solum
442 4410 663 4464 Conciliabulum
682 4412 909 4478 theologistarum
933 4416 974 4462 est
998 4413 1027 4462 in
1051 4410 1174 4476 exemplo
1191 4412 1263 4476 Epp.
1282 4411 1316 4461 0.
1329 4406 1444 4475 Vtyquod
1458 4403 1519 4452 ΓΜ·

262 4499 362 4548 cot'urti
382 4513 407 4547 a.
423 4496 497 4548 1624.
510 4500 539 4548 in
551 4497 587 4549 8⁰.
601 4499 705 4565 prodiit
720 4516 747 4564 p.
761 4496 899 4549 351...381.
920 4495 997 4559 (vinde
1013 4498 1105 4560 selsam
1124 4499 1196 4546 ι’σιοιιι
1218 4499 1354 4546 clausulas
1377 4490 1478 4554 exempla
1490 4481 1520 4528 ΙΙΙ

197 4626 201 4634 .
261 4599 278 4631 a
295 4589 320 4632 et
338 4582 353 4632 d
371 4582 586 4648 deamapseruat.)
1442 4573 1476 4623 Ex
1488 4563 1519 4613 lis
