3232 5422
212 343 284 416 314
369 360 443 410 Viii.
516 374 606 408 nermo
627 375 650 408 e.
672 374 832 409 evemerus.
891 375 1031 411 mutones
1051 375 1236 413 avrrzsrcvs.
1267 360 1352 424 (racc)

277 551 388 592 evuin.
427 530 530 591 Adhuc
552 537 724 596 contemno,
749 530 803 590 nisi
827 528 1035 590 videro-taiem
1059 548 1124 591 esse
1146 539 1184 602 te,
1207 540 1240 592 ut
1262 534 1293 593 in
1308 531 1404 594 bullas
1417 533 1505 612 impe·

213 634 290 693 rium
313 631 431 693 habeas.
949 619 953 629 '

145 743 202 791 nu.
274 754 449 797 uerreuvs.
487 734 567 794 Mitte
589 733 709 811 iuquam
733 732 912 801 Libertatem
934 733 1019 804 mihi,
1048 735 1073 794 si
1095 736 1188 811 amico
1211 736 1253 798 uti
1276 736 1413 798 volueris.

277 857 439 899 presuras.
478 836 523 896 Tu
545 855 592 896 me
615 835 752 896 adiuvare
775 836 882 896 audes?

276 957 449 1001 uvrrsuvs.
488 937 638 1016 Siquidem
661 938 787 1014 possim,
812 936 965 998 audenter.
1508 951 1518 988 ε

277 1059 444 1103 menois..
477 1041 513 1100 ut
536 1056 601 1117 quae
624 1047 725 1099 contra
748 1039 824 1100 hanc
846 1040 903 1099 vim
925 1037 1031 1102 auxilia
1053 1040 1161 1101 nohis?

277 1160 450 1205 uvoreuvs.
489 1142 519 1201 Si
542 1138 802 1219 auxiliouuqu'am
825 1158 900 1218 opus
922 1143 994 1210 erit,
1024 1141 1160 1220 pileatum
1190 1143 1250 1204 huo
1279 1143 1397 1222 plebem
1421 1147 1498 1204 siste·

203 1234 363 1327 iffi&
387 1261 467 1310 mus,
492 1249 521 1302 et
542 1241 652 1302 liberos
674 1245 703 1304 in
726 1245 882 1305 Germania
905 1261 1023 1312 omries,
1047 1244 1126 1305 hunc
1147 1245 1293 1323 imprimis
1307 1246 1496 1313 franciscum,

213 1348 263 1426 qui
285 1347 377 1406 euclem
401 1344 570 1404 iamdudum
593 1344 646 1403 tibi
668 1350 697 1405 et
718 1362 800 1404 aram
823 1345 946 1405 dedicat.

275 1466 438 1509 creturus.
476 1446 602 1507 Erexisti
630 1464 694 1515 me,
727 1447 824 1508 invicti
851 1446 960 1507 herois
978 1455 1210 1509 commemorato
1234 1450 1368 1511 nomine.
1412 1449 1494 1511 aderit
1504 1460 1519 1496 ¹⁰

212 1567 282 1609 vero
304 1549 407 1609 nohis?

278 1670 449 1713 uvrrruvs.
488 1648 563 1719 Ouid
586 1649 633 1707 nii
656 1649 750 1711 aderit
772 1651 867 1728 primo
890 1651 1048 1710 invocatam.

144 1764 205 1813 §.lt
278 1757 442 1816 cruerirus.
481 1750 564 1812 Saira
587 1768 662 1810 sum.
819 1819 824 1827 .

276 1876 386 1917 evoca,
424 1854 481 1914 Per
503 1872 550 1914 me
571 1852 692 1931 quidem
715 1871 763 1922 es,
786 1856 810 1914 si
833 1853 959 1915 clamare
983 1855 1106 1916 desinas.

275 1975 437 2020 praeeras.
475 1957 511 2014 dt
533 1973 591 2014 nou
615 1954 770 2023 desinam„
788 1957 843 2015 nisi
865 1962 896 2016 tu
919 1956 1058 2034 progredi
1080 1958 1162 2035 prius
1185 1957 1311 2018 desinas.
1508 1962 1541 2002 ι’»
1605 1946 1606 1950 ’

276 2080 386 2123 nvom.
426 2057 488 2133 Ego
511 2056 614 2116 abste
637 2055 797 2134 prohibeat·
820 2057 978 2125 accedere,
1003 2057 1052 2117 ubi
1075 2060 1231 2135 negocium
1255 2060 1326 2119 ruiiri
1350 2060 1411 2119 est?

275 2179 439 2224 creausus.
477 2159 534 2219 Per
557 2177 604 2218 me
625 2159 675 2218 fiet
697 2159 830 2236 quidem,
854 2168 886 2219 ut
908 2158 1110 2237 prohibearis:
1134 2177 1200 2220 nam
1223 2171 1344 2221 strenue
1363 2159 1500 2220 clamabo.

276 2282 387 2324 ovans.
425 2258 528 2338 Neque
551 2277 606 2337 ego
629 2259 738 2321 ondam
762 2267 791 2319 te
813 2266 916 2320 contra
939 2261 1096 2339 ignaviter,
1119 2261 1143 2319 si
1167 2261 1290 2321 veriorum
1319 2264 1398 2322 ausis
1418 2262 1505 2322 mitri?

275 2382 448 2426 uvrrnuvs.
487 2361 568 2421 Herio
591 2362 685 2421 caedes
706 2369 754 2430 tu,
778 2380 825 2422 me
848 2363 910 2421 rivo
933 2369 962 2422 et
984 2363 1119 2423 vidente?

274 2486 386 2528 evum.
425 2463 575 2555 Siquidem
599 2463 697 2523 videre
720 2462 815 2523 voles:
849 2481 916 2523 nam
939 2465 963 2523 si
985 2483 1039 2542 per
1061 2463 1193 2524 doiorem
1217 2483 1277 2524 non
1306 2473 1405 2543 potes,
1433 2465 1495 2525 hinc
1565 2459 1583 2503 ²⁹

211 2567 364 2648 paululum
386 2565 518 2634 discede,
549 2564 618 2626 dum
641 2563 734 2644 plagis
756 2584 821 2626 eam
844 2583 1020 2634 oneravero,
1051 2572 1085 2625 ut
1106 2573 1253 2634 meretur,
1291 2566 1375 2628 valde
1397 2566 1516 2628 multis-

215 2669 331 2747 i’ergin’
354 2666 516 2728 molestiam
539 2666 610 2726 mihi
632 2667 787 2733 iuducere,
812 2665 932 2726 frivola?

144 2775 204 2826 ⁶³⁵·
279 2788 452 2834 aversuvs·
491 2768 555 2838 Ouo
577 2775 606 2828 te
629 2770 704 2845 agis,
728 2768 881 2847 improbat

275 2873 386 2936 nunni.
425 2869 489 2940 Ouo
512 2868 584 2929 iihet
604 2869 684 2929 mihi.
758 2862 762 2867 ”

274 2993 446 3038 eversura.
484 2971 559 3042 Quin
583 2978 614 3031 tu
637 2963 726 3031 mittis
755 2970 860 3041 hane.
880 2978 912 3031 ut
937 2971 1115 3049 imperatum
1144 2980 1196 3033 eet.
1242 2976 1338 3044 nritte,
1374 2978 1526 3055 iaqumu,
1573 2969 1590 3007 ²⁵

210 3099 267 3141 neu
290 3079 408 3155 tangito.

210 3177 338 3256 {dmi
404 3198 514 3240 nuncu.
553 3174 624 3244 Quis
646 3181 678 3235 tu
702 3192 747 3244 es,
772 3175 821 3254 qui
838 3173 931 3236 'bullis
952 3176 1097 3253 imperas?

273 3299 448 3342 avonemo.
487 3279 516 3339 is
539 3279 589 3356 qui
611 3295 676 3362 sum
691 3295 787 3355 quem
811 3276 905 3345 rides,
929 3283 958 3337 et
980 3294 1083 3355 quem,
1114 3279 1170 3340 nisi
1193 3279 1250 3340 noc
1272 3279 1326 3340 tibi
1349 3288 1567 3359 temperas?

211 3383 298 3442 etiam
319 3381 438 3440 senties.
1422 3359 1424 3364 ’

273 3502 384 3543 evrini.
422 3481 506 3564 Sprio
529 3485 573 3540 est
595 3479 674 3558 quod
696 3481 755 3549 ais,
779 3480 826 3541 dic
839 3478 986 3541 taudem?

273 3599 446 3645 uvernerus.
484 3580 617 3641 Maxime.
684 3629 688 3638 .

273 3704 384 3747 nunna.
422 3684 518 3768 detque
535 3684 671 3743 omnium
695 3689 724 3744 tu
748 3690 885 3762 repertus
907 3701 939 3744 es
960 3683 1163 3762 divagantibus
1192 3685 1357 3747 ciconnis
1384 3685 1574 3764 impedi!

209 3795 341 3849 mentum
364 3786 414 3864 qui
436 3783 576 3845 obiicias?
1571 3767 1572 3770 ¹

275 3907 447 3951 moresve.
485 3888 530 3947 An
559 3888 616 3946 sint
643 3886 691 3947 aiii
718 3888 788 3947 item
819 3890 927 3949 nescio.
966 3895 1046 3950 certe
1075 3890 1104 3948 in
1131 3906 1180 3949 me
1206 3889 1287 3968 quod
1322 3891 1394 3960 erit,
1428 3889 1574 3950 rao&

209 4012 346 4072 operam,
370 3990 415 4051 isti
439 3989 495 4048 viru
517 4006 555 4049 ne
577 4007 665 4068 quam
688 3989 786 4050 iacias.
1576 3981 1596 4023 ⁸³

271 4113 382 4156 uenum
418 4090 557 4169 Magnum
578 4091 692 4169 incipis.

97 4201 102 4207 '
141 4208 199 4257 tro.
275 4213 438 4256 missurus.
476 4192 576 4253 Videu'
599 4199 632 4253 ut
652 4191 786 4253 vultuosa
810 4199 839 4252 et
866 4194 1015 4270 quassanti
1043 4201 1087 4252 est
1114 4194 1228 4272 capite?
1246 4200 1340 4255 'cene
1369 4194 1559 4272 proiectss

208 4295 367 4381 ἓξᾎᾞῗω
385 4290 395 4359 Ι
414 4312 474 4355 non
496 4311 594 4355 mares
616 4293 797 4354 arbitrantur
819 4294 983 4354 Germanos
1004 4293 1106 4356 Romae
1128 4296 1190 4363 isti,
1212 4295 1266 4356 sed
1289 4294 1433 4356 immines

272 4415 445 4460 measure
483 4397 520 4456 At
540 4394 638 4456 virides
658 4397 849 4473 experientur
866 4413 976 4456 mares
1346 4417 1348 4422 ·

272 4517 383 4558 evuco.
422 4497 492 4558 Vide
514 4515 552 4559 ne
574 4499 640 4575 pius
662 4515 751 4576 quern
774 4503 890 4590 oportet
912 4498 1017 4576 sapias.
1528 4498 1551 4538 ⁴0

261 4680 442 4750 uisaque
456 4701 602 4769 ego·.5.n0n
616 4660 683 4750 {gns
705 4671 1004 4745 'vermeriensem
1039 4660 1498 4748 ⁴0corruentesque,tanqu
1595 4724 1596 4727 ,
