3210 5416
328 344 444 412 brnronr
465 378 571 412 ιιιιιιιι
592 378 709 413 ιιιιτινιι
728 379 855 413 caunrnr.
890 362 934 428 [1.]
956 370 1058 412 nonus.
1272 351 1344 419 557

52 534 160 601 tinibus
183 535 296 609 propius
319 535 449 597 accedam
471 534 624 591 Panoriistae
647 545 675 591 et
697 535 743 608 qrri
767 535 824 590 iura
848 544 980 595 tractant.
1010 534 1107 609 (prope
1133 537 1246 593 dixerim
1274 555 1347 593 Ιιιιιιι·

30 637 113 674 -mas
137 613 330 692 iniuriasl‘qui
354 618 416 675 ilico
439 620 571 675 ‹luccrrtus
593 637 710 675 canones
734 619 902 692 producunt,
932 621 1004 675 intcr
1032 639 1101 693 quos
1130 621 1169 675 vin
1200 630 1255 676 tres
1281 635 1347 677 con·-

53 704 185 765 cordant,
209 712 239 759 ut
261 703 362 776 aliquid
385 703 464 778 stipis
487 704 528 759 vel
553 704 651 759 favoris
674 703 863 759 eblandiantnr
884 722 898 760 a
920 705 1000 778 Papa.

119 787 332 882 Pasqnillus.
371 788 473 845 Videris
495 788 562 845 elam
592 797 688 845 notare
710 788 878 849 Caietanum.
906 789 1105 844 ΡιιιιΙιιιιιιιιιι
1135 789 1261 844 lactionis
1283 791 1346 845 Car·
1357 794 1417 844 itt.

31 871 189 933 adinalem
213 874 259 945 qui
283 889 344 928 eum
366 889 488 928 errorem
510 874 627 966 primum
650 873 750 946 sparsit
773 873 799 927 in
824 872 988 946 Theologos.

120 956 256 1012 liumus.
294 956 400 1012 lllum'
393 975 483 1030 ipsum
509 958 658 1013 cessarium
689 957 815 1020 fratrem,
849 972 921 1014 nunc
948 959 1044 1030 quovis
1073 944 1266 1032 Sardanapalo
1281 959 1349 1015 mol-

55 1040 163 1096 liorem.

121 1124 335 1198 Pasquillus
372 1125 449 1181 Nosti
472 1126 536 1199 quid
560 1126 717 1200 iampridem
741 1126 829 1199 egerit
851 1126 1018 1200 lingunciml

122 1209 256 1265 blomne.
294 1210 333 1265 lle
356 1211 489 1283 praeterit.

24 1311 47 1350 to
124 1292 340 1366 Pasqnillns.
376 1294 510 1350 indixerat
533 1303 648 1350 statuto
660 1295 755 1369 precio
774 1304 804 1350 ut
827 1296 873 1368 qui
895 1295 972 1357 velit,
1003 1296 1029 1351 in
1052 1296 1270 1370 Quadragesimas
1293 1299 1348 1353 die·
1359 1254 1418 1352 itt

57 1378 110 1433 bus
146 1374 255 1451 lapsibus
286 1378 324 1434 illi
355 1379 468 1435 inanime
497 1379 530 1435 ab
559 1397 592 1435 eo
621 1379 726 1464 edulio
747 1380 799 1435 sibi
834 1380 997 1453 teutperant)
1030 1381 1157 1437 cvrrriibus
1186 1392 1349 1445 vesceretur

57 1463 178 1518 triennio
200 1462 284 1519 sernel
307 1463 484 1519 coniitcretur
505 1464 612 1520 delicta.
646 1433 759 1519 llulturn
780 1465 862 1519 etiam
884 1465 912 1518 in
928 1463 1067 1525 Carnium,
1090 1466 1254 1522 catholicum
1277 1468 1350 1540 prin-

55 1547 159 1620 cipem,
194 1547 366 1641 impudenter
387 1565 435 1604 ceu
460 1549 486 1603 in
509 1548 669 1604 histrionem
692 1548 774 1610 dixit,
807 1556 862 1622 quo
891 1548 918 1602 in
947 1547 1023 1604 illurn
1052 1550 1189 1623 principes
1212 1551 1351 1607 Electores

57 1631 242 1692 subamara,
266 1649 299 1688 ne
322 1632 348 1686 in
371 1632 519 1688 Romanum
541 1632 735 1706 Imperatorem
757 1633 953 1688 nominaretur.

25 1734 50 1773 ιι
125 1714 258 1772 Munius.
296 1716 557 1791 Suspicor-patrem
586 1716 662 1772 illum
691 1712 1045 1773 reverenduminstaurare
1068 1717 1186 1774 voluisse
1208 1718 1418 1793 antiquarunm

59 1798 134 1855 illam
156 1798 246 1872 legem
273 1800 306 1855 de
335 1800 442 1873 legibus
465 1802 641 1875 sumptuariis
668 1800 748 1873 (Olim
771 1801 812 1856 lex
835 1801 935 1856 lannia
957 1793 1026 1856 lata
1034 1809 1092 1867 est,
1123 1819 1183 1875 quaa
1205 1803 1350 1860 ludis‘lto·

58 1885 162 1946 manis
184 1883 256 1940 ludis
278 1885 341 1940 item
364 1884 475 1958 plebeis
498 1893 525 1942 et
547 1884 744 1946 saturnalibus,
775 1894 802 1940 et
820 1884 884 1940 aliis
907 1885 1066 1964 quibusdam
1088 1886 1214 1942 clulius
1207 1906 1233 1943 m
1257 1889 1351 1961 singu·

58 1967 102 2024 los
124 1969 182 2024 dies
204 1976 333 2025 centenos
356 1968 418 2025 aeris
440 1987 518 2026 usum
542 1971 691 2031 concessit;
714 1971 767 2025 Lex
783 1960 847 2025 lulia
871 1970 1000 2043 profestis
1020 1970 1116 2026 diebus
1131 1970 1263 2027 ducentos
1279 1974 1350 2034 aeris.

58 2052 198 2115 Calendis
222 2053 326 2115 idibus
348 2055 428 2109 nonis
453 2063 605 2118 trecentum
627 2054 735 2110 clcmum
758 2055 791 2109 ad
812 2055 867 2110 dno
889 2052 963 2110 inilia
986 2065 1111 2128 sumptus
1134 2058 1277 2111 caudarum
1287 2075 1351 2130 pro·

24 2145 176 2210 repagatus
199 2137 266 2209 est),
286 2147 334 2194 aut
355 2139 457 2194 lorte
451 2157 477 2194 m
500 2140 614 2194 Turcam
637 2139 772 2212 quidpiam
786 2138 907 2194 molitur
928 2148 1053 2195 nostrum
1075 2139 1275 2213 imperatorem.

124 2221 341 2295 Pasqnillus.
378 2223 470 2279 Romae
503 2222 578 2279 nulla
606 2223 769 2279 ieiuniorum
800 2223 970 2280 observantia
999 2231 1117 2296 quartae.
1152 2233 1235 2283 senta
1258 2234 1284 2281 et
1307 2235 1420 2304 seito.

58 2307 154 2379 ptimae
180 2323 211 2362 ac
233 2305 450 2379 Quadragesimae
479 2325 558 2381 quarn
587 2317 699 2370 vocant,
728 2309 842 2363 maxime
864 2308 891 2363 iu
920 2307 1024 2379 aedibus
1046 2308 1240 2365 Cardinalium:
1270 2311 1351 2369 terias

59 2389 123 2446 illas
146 2390 240 2446 ludaeis
263 2390 434 2464 relinquunt,
459 2393 557 2466 quibus
571 2392 606 2455 ,id
628 2409 677 2448 sua
699 2401 865 2467 praeceptum
888 2400 931 2448 est
953 2392 1022 2465 lege.

125 2474 262 2530 homas.
299 2476 410 2550 impune
432 2486 522 2533 :autem
545 2477 609 2532 lecit
631 2478 703 2550 apud
726 2477 894 2533 Germanos?

24 2579 51 2618 aa
126 2560 337 2633 Pasquillus.
377 2560 450 2616 Haud
475 2560 570 2635 procul
593 2562 692 2623 abluit.
727 2570 757 2618 ut
786 2570 832 2618 aut
861 2561 951 2635 gladio
981 2563 1079 2618 luisset
1106 2580 1270 2648 suspensus.
1304 2572 1353 2622 aut

58 2643 159 2718 laqueo
181 2645 331 2717 perfossus.

125 2728 261 2784 llomus
299 2729 326 2784 ld
348 2739 390 2785 est
412 2730 485 2804 qnod
508 2731 640 2803 obiurgo,
669 2729 818 2803 Pasquille,
842 2731 945 2804 ιιιιιιιΙ
938 2748 964 2785 ιιι
987 2732 1082 2787 ιιιιιιιιιιι
1106 2732 1144 2787 illi
1168 2733 1271 2788 haerent
1292 2732 1381 2796 lutet,
1390 2750 1421 2793 ιι.

60 2830 123 2872 eum
137 2812 244 2907 vulgari
258 2812 359 2907 plaebe
384 2832 437 2870 ιιιιο
453 2831 562 2887 gravans
577 2814 722 2888 languent
746 2832 828 2870 onera
846 2815 1001 2889 impingunt
1022 2814 1172 2871 cervicibus
1187 2816 1269 2889 vulpi
1286 2835 1353 2913 ‘quae

36 2898 114 2991 ipsi
138 2914 188 2954 nec
210 2896 322 2959 minimo
343 2898 460 2972 digitulo
482 2901 659 2994 contingunt,
688 2898 797 2955 abunde'
816 2898 924 2955 Christo
947 2917 997 2954 suo
1020 2901 1189 2956 satisfactum
1216 2897 1352 2974 pumiles,

26 2983 88 3041 assi
110 2982 225 3055 mystico
253 3000 284 3038 ae
312 3000 381 3056 pene
409 2984 526 3040 scenico
549 2994 663 3053 ornatu,
687 2957 872 3045 caeremoniis,
896 2983 1107 3046 beatitudinum
1131 2986 1352 3046 reverentiarnm.

61 3067 238 3123 sanctitatum
262 3060 364 3133 titirlis,
386 3067 622 3125 benedictionibus
644 3085 675 3124 ac
696 3066 932 3124 maledictionibus
954 3067 1083 3141 praelatos
1098 3079 1194 3141 agant;
1216 3069 1353 3126 Christum

61 3161 154 3207 autem
177 3151 336 3224 permittant
363 3152 473 3209 interim
501 3151 672 3214 abolescere.
706 3152 851 3226 antiquari.
896 3156 1004 3227 Apage,
1039 3153 1104 3226 quid
1132 3161 1222 3210 tamen
1251 3154 1354 3210 iaciunt

61 3236 148 3292 tantis
169 3234 266 3292 oliiciis
287 3237 419 3310 dignum?
1090 3271 1099 3280 —

126 3319 342 3393 Pasqn-illus.
379 3321 472 3396 Neque
494 3341 543 3378 sua
567 3323 700 3380 interesse
722 3331 848 3386 censent,
867 3321 919 3378 -vel
948 3322 971 3377 si
1000 3322 1065 3396 quid
1093 3332 1136 3379 est
1157 3324 1289 3381 doctrinan
1311 3323 1424 3381 vetto.

132 3501 143 3535 ⁴
163 3503 297 3553 'l'homam
309 3505 343 3553 de
357 3504 417 3554 Vio.
470 3504 481 3536 ⁸
500 3504 543 3554 cf.
564 3496 801 3569 Σαρδαναπάλου
818 3503 889 3570 βίος.
908 3504 1031 3569 Apostol.
1045 3506 1103 3555 XV.
1114 3505 1158 3557 33.
1177 3507 1276 3556 lustin.
1290 3507 1355 3557 hist.

64 3589 85 3638 1.
98 3588 124 3638 3.
144 3587 215 3638 Veli.
229 3589 291 3638 Pat.
304 3590 326 3638 1.
341 3588 365 3638 b.
429 3587 451 3622 ¹⁸
470 3588 513 3638 Cf.
527 3588 580 3639 vol.
594 3590 616 3638 1.
630 3588 722 3654 pato.
736 3595 764 3640 et
776 3590 855 3655 impr.
870 3588 910 3639 ibi
923 3591 970 3639 cit.
985 3589 1167 3641 Seckendorf.
1232 3590 1253 3623 ¹⁸
1269 3591 1357 3641 Verba

65 3672 149 3724 ‘otim
163 3679 374 3739 ..propagatus
392 3677 447 3723 est’
469 3673 620 3737 parenthesi
641 3676 738 3725 inclusi.
802 3675 938 3724 Pacuius.
975 3675 1064 3724 Pania
1083 3678 1109 3724 3.
1174 3675 1219 3726 lex
1236 3672 1356 3739 Fannia]

65 3773 90 3807 a.
102 3772 131 3806 n.
145 3755 205 3808 503.
236 3757 316 3819 „lata
335 3760 390 3818 est,
421 3772 481 3822 qnae
504 3757 579 3808 ludis
597 3758 743 3821 Romanis,
768 3760 836 3808 item
855 3759 925 3808 ludis
944 3759 1052 3823 plebeis
1071 3764 1098 3808 et
1117 3757 1310 3808 Saturnalibus
1329 3762 1358 3807 et

66 3842 132 3891 aliis
151 3842 316 3906 quibusdem
328 3840 433 3891 diebus
450 3843 480 3891 in
498 3841 623 3907 singulos
640 3843 701 3893 dies
720 3848 852 3893 centenos
871 3843 935 3893 aeris
952 3843 1053 3893 insumi
1072 3844 1225 3902 concessit,
1249 3843 1356 3891 decem-

66 3941 118 3991 que
137 3921 203 3975 aliis
221 3926 318 3976 diebus
337 3927 365 3975 in
384 3925 500 3990 singulis
519 3927 659 3979 mensibus
677 3928 812 3987 tricenos,
833 3928 936 3977 ceteris
954 3931 1047 3976 antem
1065 3926 1161 3977 diebus
1174 3925 1300 3976 omnibns
1312 3924 1358 3973 de·

65 4025 114 4060 nos
128 4011 178 4060 „a”
198 4012 263 4060 Geli.
275 4011 308 4060 N.
323 4011 357 4060 Α.
377 4011 414 4060 Π.
427 4011 469 4060 at.
495 4012 532 4061 ef.
545 4013 670 4069 Maerob.
683 4012 742 4061 Sat.
755 4011 791 4063 Il.
808 4010 847 4061 13.
918 4011 939 4042 ¹⁸
957 4020 1036 4060 nsum
1053 4023 1152 4064 omnes:
1175 4009 1273 4058 insumi
1294 4009 1357 4057 nest.

64 4095 108 4145 lex
127 4092 210 4160 Iulia]
230 4111 256 4145 a.
268 4109 296 4144 u.
310 4094 369 4145 tao.
389 4096 446 4156 „ad
463 4095 591 4162 populum
609 4098 737 4161 pervenit
755 4094 866 4144 Caesare
885 4095 1008 4157 Angusto
1023 4093 1195 4157 imperante,
1220 4108 1274 4156 qna
1297 4106 1357 4157 pro·

66 4179 148 4230 iestis
166 4179 392 4244 quidemdiebus
410 4179 522 4230 ducenti
541 4180 687 4241 finiuntur,
708 4179 848 4239 kalendis,
874 4177 980 4239 idibus,
1003 4177 1085 4224 nonis
1110 4181 1137 4225 et
1161 4175 1225 4225 aliis
1248 4175 1358 4240 quibas-

66 4265 130 4315 dam
149 4264 233 4314 iestis
257 4265 390 4325 trecenti,
414 4264 519 4328 nuptiis
542 4269 634 4314 autem
654 4258 697 4312 et'
709 4262 825 4326 repotiis
849 4259 972 4309 sestertii
996 4258 1098 4308 mille'¹.
1131 4260 1193 4310 aaut.
1207 4263 1258 4325 lac,
1275 4262 1300 4321 ὃ.
1316 4259 1355 4310 ll.

67 4345 88 4380 ¹⁹
106 4348 215 4398 demum
233 4345 297 4412 ete]
317 4349 406 4408 ‚disse
425 4349 511 4398 etiam
529 4348 599 4397 dicit
617 4347 717 4411 Capito
735 4346 832 4394 Ateius
852 4343 1105 4402 salamantinae
1122 4343 1240 4409 Augusti
1259 4361 1294 4394 an
1311 4345 1359 4394 tn·

66 4432 139 4482 b'erii
159 4432 281 4482 Caesaris
299 4447 353 4481 non
371 4433 441 4481 satis
460 4432 647 4491 commemini,
667 4445 719 4494 qno
739 4427 832 4478 edicto
851 4444 900 4492 per
918 4428 1024 4477 dierum
1042 4428 1137 4478 varius
1156 4428 1359 4479 sollemnitates

67 4533 84 4567 a
102 4518 240 4566 trecentis
258 4517 395 4566 sestertiis
414 4516 535 4580 adusque
554 4515 607 4564 dno
625 4515 756 4569 sestertia
774 4517 898 4577 sumptus
917 4526 1046 4560 cenarum
1066 4518 1235 4577 propagatus
1254 4518 1309 4576 est,
1329 4518 1360 4562 nt

66 4599 111 4649 bis
129 4599 232 4650 saltem
254 4600 356 4650 tinibus
377 4599 494 4649 luxurias
518 4583 727 4649 etl'eiiveseentis
750 4601 833 4646 testas
856 4596 1077 4646 coherceretur'’.
1114 4598 1176 4648 dett.
1195 4602 1211 4647 l.
1229 4614 1250 4647 c.
1275 4599 1299 4658 ι.
1320 4597 1359 4648 15.

66 4684 89 4716 ²⁵
109 4683 229 4735 ridicula
246 4685 392 4736 verberum
409 4683 583 4735 metathesis.
634 4680 657 4715 ⁸⁸
674 4682 803 4748 vulgaria
821 4685 844 4732 ι.
855 4683 888 4731 3.*

325 4763 336 4790 ι
