3210 5416
283 1232 793 1363 APOPHTHEGMATA
826 1238 1039 1316 VADISCI
1069 1239 1140 1314 ET
1160 1232 1460 1335 PASQVILLI

586 1378 636 1429 DE
656 1378 849 1430 CORRVPPO
868 1378 984 1429 STATV
1001 1377 1190 1429 EOCLESIAE

195 1559 239 1609 §.t
312 1551 404 1607 [lixit
426 1552 604 1608 Vatliseus.
641 1552 774 1626 Theologi
802 1553 986 1609 Romanenses
1013 1552 1146 1627 duplicem
1175 1538 1324 1608 Ecclesiam
1355 1553 1545 1626 distinguunt'

249 1655 328 1694 unam
351 1637 517 1709 generalem,
541 1637 619 1693 aliam
642 1637 799 1711 specialem.
824 1638 852 1693 iul
872 1647 914 1694 est
930 1638 1085 1699 Romanam,
1108 1653 1169 1711 quae
1192 1645 1360 1693 constater
1385 1638 1490 1694 iuribus
1508 1646 1532 1690 rt

237 1718 416 1785 ‘latronibus
439 1741 470 1777 eu
493 1723 641 1779 simoniaco
664 1722 805 1785 Potitibee.
835 1740 867 1778 ex
890 1723 1085 1796 impostoribus
1108 1731 1135 1778 et
1158 1722 1315 1795 sacrilegis,
1345 1741 1379 1778 ex
1404 1723 1548 1779 translatos

248 1807 324 1863 ribus
346 1816 374 1864 et
395 1809 522 1870 notariis,
546 1826 577 1864 cn
599 1808 784 1866 adulatoribus
805 1808 947 1883 Episcopis
969 1808 1080 1865 Romani
1102 1807 1253 1882 pontificis,
1278 1807 1380 1862 scribis
1404 1817 1432 1864 et
1455 1808 1532 1879 ialge-

250 1911 300 1948 aus
321 1893 521 1967 deceptoribus.
633 1946 636 1951 .

166 1971 240 2024 11·
312 1978 403 2034 llisit
425 1977 633 2051 Pasqutltus.
671 1977 755 2033 Hodie
777 1977 917 2053 impletum
940 1985 982 2034 est
1005 1978 1032 2033 in
1054 1976 1192 2052 praelatis,
1215 1977 1411 2033 sacerdotibus
1434 1986 1461 2032 et
1482 1994 1532 2031 mo·

249 2063 342 2118 trachis
365 2064 437 2137 quod
460 2064 569 2138 scripsit
584 2062 725 2119 Malachias
748 2063 935 2138 proplietam.
952 2064 979 2118 ii.
1003 2063 1092 2119 ‘labia
1108 2063 1256 2118 summotis
1272 2063 1439 2119 cusiodiunt
1454 2062 1532 2118 scien

250 2148 337 2211 ‘tinum
361 2157 389 2205 et
404 2147 491 2223 legem
507 2150 649 2222 requirent
671 2166 702 2204 ea
726 2165 773 2203 ore
796 2149 864 2208 eius.
888 2149 949 2223 quia
967 2147 1080 2221 angelus
1102 2148 1203 2203 domini
1220 2147 1394 2204 exercituum
1412 2156 1468 2207 cst:
1489 2163 1557 2202 vostr

250 2240 348 2288 ‘autem
362 2235 516 2289 recessistis
531 2234 564 2289 tle
588 2234 626 2288 vla
649 2241 676 2290 et
699 2233 898 2289 scamlalisastis
922 2232 1054 2307 plurimos
1078 2234 1104 2287 ln
1127 2231 1200 2305 lego.
1226 2233 1335 2287 irritum
1361 2233 1472 2288 lecestis
1493 2249 1532 2305 pa·

250 2326 331 2373 ‘etum
347 2318 422 2379 Levi,
445 2319 510 2375 dicit
526 2319 651 2374 dominus
674 2318 859 2375 exercituum!
903 2317 970 2385 Quid
994 2335 1059 2390 crgo
1083 2318 1105 2372 si
1128 2317 1314 2391 despiciantur
1336 2318 1392 2373 iam
1416 2317 1531 2373 sueonie

251 2404 547 2477 tes'tpromeruerunt
569 2404 620 2459 ltoe
642 2411 751 2476 peccata
775 2403 910 2478 ipsorum;
938 2411 965 2458 et
988 2403 1010 2457 si
1025 2403 1206 2479 deliciantur.
1236 2411 1465 2463 contemnantur,
1492 2401 1531 2456 de·

250 2487 421 2562 prualcutur,
445 2490 525 2545 immo
542 2488 622 2545 etium
639 2489 797 2562 relegentur
811 2488 843 2544 ad
859 2496 965 2550 aratra,
989 2487 1040 2544 boe
1056 2488 1082 2542 in
1098 2505 1155 2543 rom
1171 2488 1294 2560 ipsorum
1311 2495 1370 2548 est,
1395 2497 1426 2543 ut
1441 2488 1529 2542 anime

250 2571 360 2627 illorum
383 2571 463 2629 satvae
486 2574 590 2629 sintin
613 2574 727 2635 iudicio,
752 2574 813 2647 quio
837 2590 890 2629 ιιοιι
914 2573 1013 2629 imlieat
1034 2573 1101 2628 deus
1124 2572 1164 2627 bis
1181 2572 1207 2626 in
1224 2570 1359 2645 itlipsum;
1383 2580 1412 2628 et
1427 2571 1557 2627 dominon

250 2674 359 2730 quoque
380 2657 486 2714 dicente
508 2658 544 2714 ‘Si
569 2659 629 2732 quis
652 2658 868 2715 scandalisuverit
896 2676 978 2714 unum
1008 2657 1040 2713 de
1067 2657 1174 2731 pusillis
1204 2657 1263 2711 istis
1294 2656 1341 2729 qui
1366 2658 1394 2712 in
1417 2675 1459 2713 me
1480 2650 1530 2712 cr'e·

250 2742 339 2804 ‘duum
363 2742 458 2799 mellus
480 2752 523 2799 ost
545 2752 575 2799 ut
597 2743 779 2818 suspendatur
800 2742 872 2798 mola
893 2743 1008 2798 asinaria
1032 2742 1057 2797 in
1079 2741 1150 2798 collo
1173 2741 1231 2796 eius
1253 2749 1281 2796 et
1304 2742 1494 2816 praecipitetur
1506 2741 1528 2794 ia

252 2837 346 2889 mare.
370 2846 450 2901 quam
471 2827 631 2884 seandaliset
653 2846 734 2885 unum
757 2828 790 2884 de
812 2827 919 2902 pusillis
942 2827 1019 2883 istis!
1156 2836 1158 2842 ’

194 2915 237 2963 §.a
314 2912 405 2968 [lixit
427 2912 602 2970 Varliseus.
640 2913 706 2969 Vere
729 2913 829 2969 iamin
853 2913 972 2968 Romane
994 2911 1121 2986 pontifice
1144 2919 1171 2967 et
1191 2909 1299 2967 eaeteris'
1314 2910 1445 2968 Ecclesicc
1467 2927 1529 2984 pra·

249 2997 311 3054 latis
333 2997 497 3072 completum
520 3007 562 3054 est
585 2999 656 3072 quod
679 2998 746 3053 flixit
767 2998 858 3054 Esaias
881 2997 1015 3071 propbeta
1036 2999 1194 3092 ‘Argentum
1218 3005 1294 3051 tuum
1318 3013 1429 3052 versum
1450 3004 1489 3051 est
1504 2994 1554 3048 lna

250 3083 388 3145 seoriam.
412 3101 548 3157 caupones
577 3084 615 3138 tui
638 3084 766 3139 miscent
774 3084 836 3138 vino
859 3100 970 3156 aquam;
1000 3083 1136 3155 principes
1161 3081 1198 3135 tui
1222 3079 1383 3136 obedientes
1406 3081 1473 3136 socii
1493 3080 1528 3133 lu·

249 3175 332 3229 ‘‚rum
356 3167 581 3250 emuesdillgupt
604 3185 727 3230 munera,
751 3177 903 3241 sequuntur
924 3166 1131 3228 retributiones,
1148 3164 1261 3260 l‘upillo
1285 3182 1341 3221 non
1359 3166 1485 3225 iudicant
1505 3171 1528 3217 et

251 3260 339 3307 eausa
360 3253 446 3308 viduae
469 3270 524 3309 aon
547 3254 700 3326 ingreditur
722 3253 754 3308 ad
777 3252 853 3315 illos;
876 3261 904 3307 et
927 3252 986 3308 ideo
1003 3269 1056 3307 non
1074 3251 1171 3307 iniuria
1186 3250 1324 3306 sustinent
1339 3247 1528 3323 contumelias?

249 3344 280 3390 ut
303 3336 371 3391 idem
393 3336 475 3410 paulo
496 3347 561 3432 post
584 3338 672 3412 inquit
695 3337 760 3393 Heu
781 3336 946 3393 consolabor
968 3354 1050 3431 super
1072 3335 1196 3392 hostibus
1220 3335 1301 3407 meis,
1331 3343 1360 3390 et
1384 3334 1528 3392 vindicabor

249 3419 320 3476 ‘'dc
313 3419 427 3476 mimicis
450 3422 530 3485 meis,
561 3431 588 3478 et
612 3423 648 3480 ml
676 3441 773 3496 purum
801 3439 946 3494 excoquam
975 3423 1091 3478 seoriam
1118 3438 1216 3481 meam,
1246 3429 1273 3475 et
1303 3421 1427 3476 aulerom
1456 3428 1552 3475 oroneo

248 3513 383 3560 ‘stannum
406 3513 495 3568 tuum,
519 3515 546 3562 et
568 3507 691 3581 purgabo
714 3507 784 3563 filios
806 3507 886 3562 Levi!

193 3591 238 3641 §.t
311 3589 401 3646 [lixit
422 3590 634 3664 Pasquillus.
672 3591 839 3667 Completum
868 3599 910 3647 est
938 3591 964 3645 in
987 3591 1069 3647 lloma
1100 3590 1171 3664 quod
1194 3590 1328 3663 seriptum
1350 3598 1396 3646 est
1418 3588 1479 3645 olim
1497 3586 1525 3640 de

249 3673 399 3770 babylone:
423 3674 483 3748 plus
506 3678 576 3769 enim
600 3695 678 3750 quam
702 3676 821 3751 Babylon
843 3676 913 3737 haee,
936 3693 1024 3749 neque
1048 3693 1164 3749 unquam
1187 3684 1241 3769 tam
1264 3674 1401 3731 scelerata
1424 3675 1472 3730 luit
1490 3668 1524 3724 rel

248 3845 289 3901 ‘tt
311 3845 364 3900 crit
378 3843 497 3919 Babylon
519 3845 556 3917 (it
578 3855 620 3901 est
641 3845 735 3919 lloma)
758 3846 802 3902 illa
825 3844 976 3920 gloriosa
971 3863 996 3900 m
1020 3845 1124 3919 regnis.
1148 3843 1277 3918 inelqta
1270 3862 1298 3899 tn
1315 3839 1522 3918 superbiasslnl·
1528 3851 1547 3889 tt

248 3931 394 3993 (lucorum,
418 3930 488 3986 sieut
511 3930 640 3987 subvertit
664 3933 790 3988 (lominus
807 3931 949 3987 Sotlomam
966 3940 993 3986 ct
1008 3931 1175 3986 Gomorram.
1221 3946 1275 3984 ιιοιι
1300 3929 1467 3985 habitabitur
1486 3943 1523 3979 us·

248 4025 310 4089 ‘que
333 4015 360 4070 in
383 4014 477 4078 finem,
502 4023 529 4071 et
551 4033 605 4072 non
629 4016 785 4072 luuclabitur
808 4009 893 4090 usque
916 4016 942 4071 iu
966 4016 1169 4087 generationem
1192 4022 1221 4070 et
1241 4015 1460 4087 generationem,
1481 4025 1521 4064 noe

248 4107 341 4173 ‘ponet
363 4098 400 4155 ibi
424 4101 540 4157 tentoria
555 4100 655 4162 Arabs,
680 4119 729 4159 nee
751 4109 876 4175 pastores
899 4100 1071 4175 requiescent
1094 4099 1143 4162 ibi.
1167 4100 1214 4155 sed
1230 4107 1313 4156 erunt
1328 4098 1365 4154 ibi
1382 4099 1480 4156 bestie,
1498 4099 1520 4148 et

314 4365 469 4416 tutatast.
482 4368 519 4418 11.
534 4368 558 4417 7.
571 4366 597 4417 8.
666 4369 824 4419 custodient
848 4369 959 4418 Muloclt.
1031 4365 1051 4399 ¹⁶
1074 4368 1181 4431 Evang.
1200 4383 1257 4417 see.
1277 4366 1379 4416 blatto.
1394 4356 1516 4414 struto

247 4449 333 4498 Mare.
346 4450 393 4500 tx.
407 4450 449 4500 41
463 4454 530 4501 Luc.
545 4453 632 4502 XVII.
646 4455 670 4504 2.
728 4452 750 4485 ²⁰
768 4454 811 4504 ct.
826 4453 890 4503 lsai.
905 4453 927 4502 Ι
941 4452 982 4501 22.
990 4468 1055 4528 sqq.
1112 4451 1132 4484 ¹¹
1152 4452 1232 4502 obed.
1247 4449 1314 4516 soe]
1335 4449 1463 4507 infideles
1480 4459 1515 4493 ιο·

248 4533 407 4585 cittlsai.
476 4529 823 4611 ”Isai.1.·2t.sq.²⁵
846 4538 964 4587 scorium
987 4542 1063 4586 tuum
1088 4538 1151 4587 Isor'
1221 4534 1244 4566 ²⁹
1267 4537 1354 4585 Immo
1377 4535 1441 4585 Ioui
1453 4527 1513 4581 XIII

250 4615 351 4666 loma.
372 4618 415 4667 Cf.
430 4620 573 4671 Ieremh.
586 4623 627 4673 311.
642 4640 681 4688 sq.
729 4622 935 4691 11ἱιιιιιιίιιιιρ.
948 4626 1017 4673 ornis.
1035 4624 1108 4688 Vulg.
1156 4617 1368 4687 1’ἱιιῙιιιΗίιζιι
1407 4605 1516 4671 ”emnil

247 4704 423 4767 requiescent
444 4706 517 4770 Vulp.
