3262 5430
263 199 311 271 94
527 216 592 266 1111.
636 232 801 281 pronun.
837 218 1283 279 nranoorsuurrnrers.(rata.)

263 383 444 450 huiusmodi,
473 391 523 442 aut
550 383 602 444 tibi
625 403 641 443 e
663 386 846 463 paucissimis
869 388 918 445 uni
941 387 1091 463 continget
1112 386 1188 447 talis.
1229 388 1290 463 Age
1321 405 1406 455 nero,
1437 385 1507 464 qrrid
1527 387 1550 444 si

261 485 357 563 ipsum
379 486 432 545 tini
455 485 631 545 interturbet
654 488 743 546 otium
767 485 813 546 illa
837 493 990 566 tantopere
1012 488 1101 566 petita
1124 488 1217 547 uxor?
1239 488 1263 544 si
1286 495 1314 547 te
1337 505 1443 563 magna
1467 497 1495 547 et
1509 489 1548 547 in-

260 593 342 646 aalma
365 594 468 646 oneret
489 585 639 647 molestia?
661 589 685 646 si
708 587 814 648 cotidie
835 595 934 648 tonum
956 587 1048 665 litiget
1069 589 1224 655 iracunda,
1248 606 1365 648 morosa
1388 598 1417 648 et
1433 589 1549 667 aspera?

260 687 284 745 si
308 695 336 746 et
358 706 440 747 suam
463 687 561 747 dotem
584 697 613 748 et
635 695 713 748 tuam
737 696 939 767 paupertatem
963 690 1122 767 profundat
1143 708 1176 748 ac
1206 689 1362 768 dilapidet?
1393 690 1417 748 si
1439 691 1469 750 in
1492 698 1547 748 tarr·

260 795 321 847 tum
345 795 534 866 aegrotantem
556 807 662 850 curare
685 787 774 857 nolit,
806 797 837 848 ut
866 790 957 868 fugiat
984 791 1090 850 etiam?
1118 790 1188 868 quid
1217 789 1325 867 ‘fugiat'
1348 790 1424 856 dixi,
1448 797 1479 849 ut
1501 789 1565 848 ali-r
1626 842 1628 845 .

260 906 349 966 qirem
372 887 475 949 melius
497 888 654 950 habentem
676 890 824 951 moenum
847 894 1004 970 sequatur?
1031 894 1055 952 si
1084 890 1134 951 ubi
1156 898 1186 950 tu
1210 891 1321 960 moeno,
1352 891 1414 969 ipsa
1438 890 1546 966 lugeat?

261 988 310 1048 ubi
327 995 361 1049 te
384 989 469 1049 dolor
491 989 611 1059 habeat,
635 991 696 1069 ipsa
720 979 815 1051 laetitia
839 991 975 1052 insultet?
997 993 1022 1051 si
1042 994 1140 1052 omnia
1163 991 1285 1051 aduerso
1308 998 1390 1067 agat,
1415 990 1487 1051 nihil
1508 1010 1545 1049 se·

260 1090 391 1151 curidum
412 1097 493 1150 tuam
516 1090 712 1153 voluntateml
734 1100 765 1153 tu
788 1100 884 1153 autem
908 1099 1011 1172 peetus
1033 1100 1115 1153 tuum
1136 1095 1257 1172 aperies.
1272 1092 1389 1153 mulieri
1404 1100 1455 1152 aut
1470 1092 1545 1152 uxori

261 1199 373 1252 secreta
395 1193 577 1252 committes?

192 1306 250 1357 tar.
325 1312 499 1353 nvnrnnve.
537 1293 613 1353 Satis
634 1292 836 1373 philosophata
860 1313 907 1362 es;
930 1295 966 1356 da
989 1313 1128 1363 uxorum
1151 1295 1188 1354 de
1210 1295 1255 1354 tiu
1277 1295 1339 1372 ipse
1361 1293 1475 1356 videro.
1517 1369 1519 1375 Ι
1551 1305 1608 1342 ¹⁰

323 1413 476 1456 rorarunt.
514 1393 608 1464 Quam
636 1394 686 1455 ubi
714 1402 817 1455 noetus
846 1396 951 1465 tueris,
982 1397 1019 1455 ita
1048 1396 1139 1456 otium
1162 1412 1247 1472 ages,
1278 1402 1310 1455 ut
1337 1396 1462 1455 omniuo
1484 1391 1546 1454 nitril

262 1496 366 1557 taeiast

322 1617 497 1659 nannenus.
534 1597 627 1661 linum
642 1595 750 1674 aliquid
766 1615 900 1676 semper,
917 1596 1065 1677 quoddam
1080 1597 1157 1658 enim
1173 1599 1357 1674 negotiosum
1375 1598 1449 1658 milri
1463 1600 1552 1658 otium

261 1718 411 1779 propono,
435 1700 490 1759 nisi
512 1715 570 1758 nou
593 1696 716 1758 uruttum
739 1708 829 1776 agunt
851 1697 1021 1777 aliquando,
1046 1705 1077 1758 ut
1092 1697 1205 1760 Seneoa
1228 1699 1281 1767 ait,
1304 1700 1354 1777 qui
1377 1698 1452 1758 uilril
1467 1713 1557 1776 agere

260 1802 410 1870 vitientur,
433 1797 674 1877 contemplabor,
697 1799 837 1867 studebo,
861 1799 971 1875 tegam,
996 1799 1186 1873 olueulrralro.
1232 1796 1488 1879 O'deeytleralrile
1503 1800 1561 1861 bo-

260 1922 346 1972 nuru,
380 1909 510 1981 optatum
544 1909 680 1981 portum,
713 1900 828 1961 beatam
857 1900 1110 1980 tranquillitatem:
1143 1901 1200 1964 due
1233 1920 1280 1961 rue
1306 1918 1360 1978 age
1390 1902 1428 1962 ad
1458 1905 1567 1965 vitam,

259 2007 367 2083 inqua
391 2005 446 2064 erit
474 2004 563 2063 otium
595 2021 662 2062 eum
693 2003 848 2079 dignitate,
878 2004 1032 2079 negotium
1052 2003 1116 2062 sine
1146 2000 1293 2080 periculo:
1323 2002 1386 2062 liaeo
1418 2011 1573 2064 votorum

260 2123 374 2166 summa
397 2111 469 2165 esto.

191 2221 252 2270 §.aa
291 2252 293 2256 ,
326 2225 476 2267 ronnvua.
515 2204 625 2266 Vereor
652 2222 689 2266 ne
719 2205 885 2266 amittendae.
912 2205 1065 2283 diguitatis
1088 2212 1183 2265 metus
1210 2204 1247 2264 ab
1279 2205 1338 2264 otio
1366 2211 1396 2264 te
1420 2205 1580 2284 repellat,

259 2307 309 2368 alit
331 2310 408 2367 enim
431 2306 599 2384 (lignitatem
622 2308 780 2381 negotium.

322 2428 494 2471 nvrrruva.
531 2407 605 2468 lilrul
635 2406 814 2467 laboriosum
843 2409 1010 2485 negotium,
1044 2426 1146 2468 rernm
1175 2407 1261 2475 dieis,
1291 2415 1353 2467 tum
1381 2407 1471 2481 aliam
1502 2423 1583 2486 ego

259 2530 347 2590 (piram
369 2512 398 2570 in
420 2509 494 2571 aulis
517 2511 562 2569 isti
585 2509 754 2587 dignitatem
777 2517 878 2573 tueor:
902 2509 952 2574 sul
977 2511 1032 2571 iam
1056 2527 1173 2569 omnem
1197 2527 1274 2587 poue
1298 2527 1352 2587 pro
1375 2527 1425 2569 me
1439 2529 1581 2573 euram,

258 2622 371 2673 tantum
393 2610 463 2671 illud
486 2610 522 2670 ela
545 2609 622 2689 qnod
647 2628 716 2678 oro,
739 2610 776 2669 sit
799 2627 888 2677 uxor,
918 2610 976 2668 sint
998 2611 1178 2678 necessaria,
1207 2610 1293 2669 eitam
1316 2611 1502 2671 constituere
1523 2610 1583 2671 tir

258 2722 322 2777 neat
345 2712 503 2792 frugalem,
528 2704 739 2793 αὐτάρκειαν.

319 2831 473 2879 nonarum
509 2814 545 2873 tt
567 2814 623 2873 ianr
645 2812 805 2875 ‹titisstnms
827 2828 883 2872 eas

320 2936 492 2980 uvrrnuva.
530 2915 592 2993 Ego
616 2914 790 2976 ditissimus?
813 2914 920 2976 siccine
943 2913 1048 2982 illudio,
1072 2913 1145 2973 eloai

320 3038 474 3081 rourum.
511 3020 553 3076 An
577 3035 636 3076 nou
659 3016 817 3076 ditissimus
839 3001 888 3093 qui
912 3015 968 3075 troo
983 3034 1016 3078 es
1030 3016 1127 3075 arumo
1143 3014 1300 3094 primitius?
1323 3015 1459 3092 prolecto
1475 3017 1570 3076 nitu·

258 3139 396 3197 magnum
420 3126 478 3186 est,
502 3124 535 3177 ut
557 3118 674 3197 quietam
697 3116 749 3185 ait,
773 3115 895 3193 vectigal
918 3117 1050 3177 modeste
1074 3118 1179 3175 rivere.

189 3235 247 3284 §.se
321 3239 494 3282 nvrrnuva.
532 3213 647 3278 Utinam
676 3236 710 3278 re
737 3216 784 3277 illa
813 3236 879 3296 φᾶ),
907 3220 935 3278 in
964 3220 1060 3278 animo
1083 3219 1208 3294 agitatur
1230 3218 1284 3278 sim
1307 3217 1464 3295 praeditus,
1494 3238 1562 3279 nom

259 3323 448 3383 hortantum
471 3321 577 3380 auimo.
621 3326 653 3378 tu
682 3337 751 3377 roro
780 3326 851 3378 tame
878 3318 1103 3389 recteroeabis
1131 3319 1304 3378 ‹titiesinmm
1334 3319 1403 3395 (nou
1428 3320 1560 3398 quidem

259 3430 290 3481 ut
312 3423 358 3481 isti
386 3427 454 3481 sunt
483 3420 569 3494 arrigo
599 3419 716 3487 diriter,
747 3419 797 3478 sed
828 3427 859 3477 ut
887 3418 965 3480 beati
994 3420 1034 3480 illi
1061 3421 1123 3498 qui,
1155 3427 1185 3478 ut
1208 3419 1368 3480 Merrander
1395 3422 1451 3488 ait,
1483 3440 1557 3481 eum

259 3530 355 3582 mente
379 3520 529 3599 possident
552 3519 683 3597 divitias),
706 3527 778 3579 tune
802 3527 880 3579 reete
904 3521 1034 3590 roratio,
1058 3522 1191 3599 ineptam,
1223 3538 1289 3580 eum
1312 3522 1353 3579 sir
1378 3522 1476 3582 rivere
1500 3522 1557 3582 ‹ta-

258 3633 318 3684 tum
343 3624 442 3690 ltrerit,
466 3621 515 3682 tali
538 3640 605 3681 enm
628 3638 730 3680 uxore.

188 3736 246 3786 ena.
319 3743 472 3786 nonarum
510 3725 546 3784 m
568 3724 666 3783 neseio
689 3741 724 3781 an
747 3720 834 3781 taleni
857 3721 981 3783 lierbearn
1005 3721 1157 3783 mulierem
1180 3724 1292 3781 totuin
1316 3741 1408 3783 eornn
1434 3725 1500 3784 lton

320 3846 492 3890 rrvrrrnva.
529 3825 594 3903 lpse
617 3824 782 3902 inspieiam;
811 3829 897 3902 atque
920 3823 993 3884 atleo
1016 3833 1097 3893 tene,
1126 3831 1209 3911 tene,
1239 3824 1352 3885 intenta
1376 3833 1435 3885 est:
1467 3845 1546 3906 qun·
1579 3819 1625 3841 ’

256 3987 458 4012 -Α-...-

324 4117 344 4151 ¹³
363 4111 519 4180 tirrannus-l
538 4129 600 4165 ror.
616 4117 639 4166 1.
652 4128 788 4178 operarum
805 4127 905 4162 maore.
975 4112 1056 4172 „Non
1079 4113 1185 4164 habent
1200 4114 1252 4172 loti
1275 4114 1374 4173 otium,
1400 4112 1449 4163 sed
1473 4115 1547 4164 iners

255 4203 412 4267 nogotium’
431 4200 578 4251 Sorouda
596 4199 672 4249 brev.
685 4199 735 4248 vlt.
751 4198 790 4260 12,
804 4206 823 4245 t.
890 4195 910 4227 ¹⁸
928 4196 1004 4246 beot.
1018 4194 1118 4263 traam]
1139 4198 1182 4247 Os.
1196 4200 1219 4258 ξ.
1233 4198 1266 4247 4.-
1320 4195 1342 4228 ²⁴
1359 4187 1544 4261 aucupamur]

256 4289 377 4338 animum
393 4301 443 4352 oue
456 4289 530 4334 sorte
544 4288 711 4344 contentum,
731 4279 935 4351 (Sitttstglutttit‘tl.
960 4283 1102 4346 Scripserit
1113 4272 1266 4346 αὐτάρκεα,
1286 4283 1370 4333 ulad
1387 4283 1472 4332 ritam
1490 4290 1542 4331 tro·

255 4371 330 4435 oman·
346 4370 538 4434 tmecilmtruuqroe
556 4366 692 4432 imrgolem
710 4372 853 4434 amplificet.
906 4363 928 4396 ²⁴
946 4364 1066 4431 quidum]
1080 4366 1139 4416 cic.
1149 4367 1249 4432 parnei.
1265 4368 1310 4416 Vl.
1324 4366 1348 4427 3,
1363 4376 1396 4415 tu.
1417 4383 1491 4428 „non
1504 4369 1545 4415 in¹

254 4453 391 4518 telleguut
408 4453 532 4504 hominos
551 4466 631 4516 quom
655 4467 782 4515 magnum
805 4449 930 4513 uectigal
952 4452 990 4498 ait
1013 4451 1207 4515 poroinronio.”
1277 4450 1297 4483 ⁸¹
1317 4449 1479 4515 Menander]
1499 4466 1540 4515 opu

256 4535 331 4585 Stob.
345 4535 440 4585 Floril.
453 4536 549 4584 XCIV.
563 4535 587 4582 7.
601 4526 754 4599 Μακάριος
772 4523 847 4593 ὅστις
865 4523 968 4583 οὐσίαν
985 4531 1035 4583 καὶ
1053 4533 1124 4584 νοῦν
1143 4529 1210 4600 ἔχει.
