3210 5416
259 401 376 436 nrauoar
396 401 503 435 sarran
521 399 639 436 ιιιιτιιιιι
655 399 783 435 canoros.
821 382 863 451 [a]
883 400 1016 434 canonas.
1137 454 1138 457 Ἴ
1235 368 1309 441 565

85 556 242 614 Carolus.
277 558 373 627 Quam.
394 577 414 614 o
436 559 514 621 beret
538 560 590 615 nisi
610 559 725 615 alarimo
747 559 835 634 piam?
865 554 1002 633 receptum
1026 567 1053 614 te
1076 567 1175 632 putant
1196 561 1220 614 ιιι
1244 560 1311 615 beo-

86 642 355 699 llaaimilianns.
393 644 475 700 ludis
498 653 526 700 tu
550 645 668 718 quidem.
796 656 797 659 ’
1112 639 1184 719 [rum
1209 644 1308 700 album.

85 727 237 789 Carolus.
274 728 343 796 Quin
366 738 393 784 et
410 729 510 795 ‚naulis
533 738 560 785 et
582 729 680 802 elogiis
700 728 839 785 celebrant
863 738 937 784 tuam
960 727 1067 783 fatalem
1086 729 1169 783 diem.

86 811 350 869 llaximiliauus.
387 815 425 869 lte
445 831 531 886 regno
552 831 616 870 vero
639 814 702 888 quid
725 816 832 869 aetum?
1318 831 1378 881 ιιι.

89 896 243 951 Carolus.
279 898 414 954 ΑιιιΙιιιιιιιι
437 915 450 954 a
474 898 618 956 Galliarum
650 915 728 972 rege
760 907 809 954 tuo
835 897 945 960 amulo
976 899 1309 966 remurmuremus

31 998 72 1054 ipe
95 980 171 1037 lastis
194 981 274 1044 abiit,
297 982 472 1040 acclamatum
494 984 558 1039 mibi
581 1004 594 1039 a
617 982 712 1057 plebe
833 985 841 1000 ⁰
1241 1002 1242 1005 ¹

86 1065 350 1124 Maximilianas
387 1068 454 1124 lta
447 1086 508 1143 ipse
526 1068 712 1163 disposueram
723 1075 821 1125 exacto
836 1067 951 1124 concilio
967 1067 1153 1140 Augusteusi.
1165 1068 1309 1141 Pennagni

31 1167 97 1206 runc
118 1151 217 1214 relert,
241 1169 297 1226 quo
318 1152 405 1228 probe
427 1153 485 1210 lame
507 1154 598 1209 munia
619 1153 798 1210 administres
862 1162 863 1170 ¹

85 1234 241 1292 Carolus
278 1233 405 1294 lleliciter
426 1255 553 1312 promus,
577 1238 604 1293 ni
627 1238 792 1294 obstiterint
806 1239 874 1294 iata:
896 1237 982 1319 multa
1004 1238 1037 1293 de
1061 1237 1109 1293 luc
1132 1251 1161 1292 re
1183 1255 1243 1294 etim
1267 1237 1308 1293 Si·

31 1318 98 1394 sylla
119 1319 231 1376 collatio
252 1322 387 1396 spelaeum
406 1323 475 1378 mibi
495 1330 652 1379 transeunte
674 1322 844 1397 Sibylliunm.

85 1403 353 1464 maximilianus.
390 1411 425 1462 Αι
444 1409 533 1481 magis
555 1409 715 1482 praestiterit
735 1407 850 1464 consilio
873 1416 1003 1463 tentasse
1018 1407 1176 1480 ιιιςιιιιιιιιη
1199 1417 1226 1462 ιι
1241 1407 1375 1470 ιιιιΙιιι.ιι.

31 1490 157 1564 mandam
179 1491 263 1547 multa
285 1491 483 1566 pollicebantur
504 1492 650 1566 astrologi,
673 1501 754 1566 atquo
776 1493 834 1566 ipse
856 1492 966 1547 euinctus
989 1491 1164 1565 astrologiam
1186 1493 1306 1565 comperi

31 1592 114 1633 ἰιιιιι
137 1578 292 1652 essequod
315 1577 540 1640 vaticinabantur.
569 1580 643 1652 atqui
671 1577 816 1634 consilium
839 1593 893 1632 nou
916 1575 1025 1632 adhibui
1048 1585 1076 1632 at
1098 1590 1192 1650 parum
1215 1577 1306 1632 aduro·

29 1660 87 1717 turn
109 1661 227 1734 proieci,
251 1664 340 1736 neque
362 1662 542 1718 obaudiebant
563 1663 716 1736 Principes:
740 1670 769 1718 tu
792 1680 822 1717 ex
846 1679 905 1716 mea
928 1660 1049 1755 periculo
1073 1678 1143 1717 nune
1165 1662 1262 1734 sapito.

87 1744 246 1801 Carolus.
278 1746 398 1805 Consilio
412 1756 440 1803 et
450 1748 597 1821 prudentia
612 1747 820 1822 dispensandum
836 1764 895 1801 csso
910 1764 963 1802 ars
987 1746 1033 1801 sed
1049 1763 1178 1820 quorsum
1195 1748 1369 1819 quaeso‘l
1356 1778 1376 1804 .

31 1829 173 1886 italicorum
193 1847 242 1893 ne.
264 1848 298 1888 an
320 1832 490 1907 principum?
606 1843 609 1847 ’

87 1914 353 1971 llaximilianus.
390 1917 448 1972 Non
469 1926 545 1978 reto,
569 1915 674 1972 mallem
698 1925 785 1971 tamen
808 1915 930 1989 praelatis
952 1915 1087 1990 aliquibus
1109 1915 1265 1986 'llreologis

86 1998 245 2055 Carolus.
282 2001 354 2074 Papo
377 2000 547 2074 lbeologosl
577 2002 624 2074 qni
653 2017 771 2074 unquam
801 2000 938 2057 crudelius
968 2001 1165 2073 immaniusque
1192 2000 1308 2072 impera·

31 2092 89 2138 unt
111 2089 190 2156 quam
214 2078 387 2159 philosophi?
417 2086 481 2158 quid
503 2086 585 2141 ilasi-s
608 2094 635 2142 ιι
657 2085 741 2141 sacris
764 2103 824 2141 cum
853 2086 953 2141 armis?
982 2086 1090 2159 sapiunt
1119 2085 1240 2158 quidem,
1270 2084 1308 2139 la·

31 2185 101 2229 eor,
125 2185 155 2223 re
177 2176 266 2231 autem
289 2186 351 2224 vera
373 2170 454 2225 rudes
476 2180 549 2226 sunt.

86 2252 354 2310 blarimilianas.
392 2254 501 2316 (bitias,
525 2255 666 2312 Aristones
688 2256 908 2330 dtbenlouesque
932 2263 1012 2329 putas
1029 2254 1124 2310 velim?
1146 2271 1239 2310 rerum
1255 2271 1309 2309 uon

30 2354 73 2392 ios
97 2336 279 2400 Scotorollos,
302 2339 471 2402 Cumulatius,
500 2340 661 2396 Albertistas
684 2349 711 2396 ot
734 2341 886 2396 'lbomistas
910 2341 990 2415 cupio
1014 2339 1148 2402 adbiberi,
1172 2339 1218 2413 qui
1241 2356 1310 2413 prae·

31 2439 64 2477 er
87 2421 184 2477 tanum
208 2441 238 2479 ac
260 2423 388 2479 lucatuin·
406 2424 516 2480 titulum
539 2425 606 2480 nihil
628 2442 746 2499 unquam
762 2426 913 2498 attigerunt
927 2426 1058 2481 doctrinae
1074 2442 1160 2487 sanam
1184 2424 1229 2479 sed
1246 2440 1310 2497 pro·

31 2515 120 2568 tates,
149 2507 199 2562 sed
226 2508 300 2581 pios,
330 2508 376 2582 qui
407 2517 524 2565 veterem
548 2508 619 2565 illam
642 2525 780 2566 sacrorum
804 2511 891 2566 edocti
915 2511 1052 2566 scientiam
1076 2509 1218 2569 consilinm
1241 2525 1310 2581 prae·

31 2591 148 2653 itabant,
179 2609 233 2665 quo
255 2592 362 2650 ιΙιιιιιιιιι
385 2594 417 2650 ad
440 2594 552 2667 primam
576 2592 684 2650 illam
670 2604 698 2650 et
726 2593 960 2688 incontaminatam
984 2595 1143 2651 Sanctorum
1173 2595 1253 2649 vitam
1281 2601 1310 2648 ct

31 2675 146 2732 aeclesiae
168 2677 434 2734 senatusconsultum
457 2688 603 2737 restaures

84 2761 248 2818 Carolus.
278 2762 414 2819 Fabricios
437 2773 530 2857 putas,
552 2763 690 2824 dracmas,
714 2772 741 2818 et
763 2764 926 2837 Capaiones‚
949 2764 1157 2836 lutherosque‘t
1316 2771 1375 2819 §.tt
1462 2784 1470 2802 ·

86 2845 356 2904 llaximiliauus.
393 2847 475 2903 Eos
468 2864 552 2921 ipsos.

55 2958 56 2962 ,
88 2931 246 2992 Carolus.
284 2932 374 2988 Atiia
395 2933 517 2989 monachi
541 2941 606 2988 suut
628 2932 738 2988 omnino
761 2932 870 2993 infesti,
893 2940 920 2986 et
944 2932 1087 2988 haereticos
1110 2929 1286 3004 proclamant.

89 3015 356 3073 llaaimilianus.
392 3017 484 3091 Neque
513 3007 660 3073 monachos
688 3012 808 3072 adbiberi
836 3017 916 3072 iubeo
944 3016 976 3071 ad
1006 3017 1058 3071 boc
1079 3014 1236 3075 consilinm.
1266 3023 1308 3070 ut·

31 3108 92 3157 note
114 3101 185 3174 apud
208 3119 278 3175 quos
300 3103 337 3159 sit
358 3101 567 3158 cerimoniarum
589 3100 719 3164 multum,
743 3101 851 3175 pietatis
873 3118 943 3157 verae
967 3099 1041 3155 nibil.

86 3186 241 3242 Carolus.
264 3186 332 3254 Quid
356 3204 410 3243 non
433 3187 484 3242 boo
507 3187 564 3260 ipse
586 3185 698 3241 rriolitus
720 3203 749 3241 es
772 3186 859 3242 adbuc
882 3187 907 3241 in
931 3184 1073 3241 humanis?
1169 3218 1172 3223 -

86 3269 353 3328 llaximilianus.
390 3274 508 3327 Corratas
530 3288 590 3327 sum
612 3270 771 3343 aliquoties,
800 3287 888 3344 ireque
912 3270 936 3326 id
960 3269 1042 3326 semel
1065 3278 1092 3325 ιι
1115 3270 1228 3331 iterum.
1247 3270 1375 3329 ‘sedem

30 3355 127 3411 lecies:
151 3356 215 3429 quid
238 3374 292 3412 non
314 3356 444 3430 periculi,
473 3356 509 3411 dii
532 3355 611 3421 boni,
635 3373 694 3410 sum
716 3360 864 3450 expertus?
894 3364 961 3429 qriot
985 3355 1109 3416 insidias,
1139 3363 1207 3429 qum
1230 3370 1307 3410 vene·

31 3440 100 3501 licia.
125 3441 354 3529 machinationes?
376 3458 466 3514 neque
487 3449 656 3496 cunctassmn
677 3448 781 3502 tamen,
804 3441 830 3495 ni
855 3441 1006 3497 obstitisset
1028 3439 1111 3495 lulius
1133 3440 1264 3513 pontifex.

86 3524 245 3581 Carolus.
284 3493 450 3600 Expugnavit
474 3543 506 3581 ue
530 3525 635 3581 tandem
658 3542 773 3600 superos
795 3525 859 3581 ille?
892 3526 1023 3599 siqnidem
1052 3541 1146 3581 rumor
1171 3534 1212 3581 est
1236 3525 1306 3599 apud

31 3609 166 3671 nortales,
190 3628 250 3665 eum
274 3612 298 3666 ιι
320 3610 493 3666 deturbatum
523 3629 537 3665 a
536 3609 638 3665 beato
660 3610 741 3665 Petro
765 3628 860 3698 parare
881 3611 1028 3666 exercitam
1051 3627 1105 3683 quo
1129 3611 1152 3665 vi
1176 3611 1308 3683 irrumpat

31 3694 184 3752 ucmlum:
215 3695 316 3752 dimisit
342 3695 412 3751 enim
440 3693 482 3766 (nt
504 3695 592 3770 audio)
623 3694 759 3751 clavem
753 3712 778 3750 ιιι
808 3713 869 3752 arca
897 3695 1032 3757 numeria,
1065 3714 1118 3768 qim
1140 3694 1308 3798 recludendae

31 3780 131 3836 uernat
154 3780 228 3836 iores
250 3780 384 3838 coelestes.
446 3845 448 3850 Ι
548 3822 551 3825 ν
1237 3785 1241 3805 ²

31 3895 225 3904 -—--.-—.-.

89 3961 101 3994 ⁸
119 3963 211 4012 neniis
225 3969 248 4014 1.
294 3961 315 3995 Ἰ
336 3958 448 4027 Critias]
467 3962 589 4022 Cricene,
609 3964 788 4029 rdd'llperte’
798 3964 921 4014 Socratis
940 3961 1101 4027 discipulum
1115 3961 1230 4008 Critiam
1248 3958 1306 4023 pbi-

33 4048 167 4114 oaophum
186 4047 346 4098 historicum
365 4052 554 4112 oratoremque
574 4049 619 4112 qui
637 4063 706 4098 nutis
725 4065 758 4098 ex
777 4049 892 4112 triginta
912 4061 975 4111 qnv.
989 4049 1121 4108 tyrannum
1145 4044 1236 4091 laetius
1255 4046 1305 4100 est,

31 4140 122 4183 ructor
140 4132 307 4183 lr.l.voluit.
375 4132 468 4181 Aristo
487 4133 583 4193 Chius,
609 4133 726 4183 Zenonis
744 4132 908 4197 discipulus,
934 4129 1013 4178 Siren
1032 4128 1254 4193 cognominatum
1274 4142 1308 4173 ex

31 4220 168 4277 tiemone,
187 4219 313 4284 Diogene
332 4217 459 4278 Laertio,
481 4216 545 4266 eliis
562 4222 655 4278 notus,
675 4219 729 4266 nisi
748 4217 819 4265 sorte
838 4213 1009 4271 Athenionis,
1028 4211 1205 4276 peripatetici
1224 4211 1306 4278 Albe-

31 4305 137 4365 aiensis,
157 4303 191 4352 de
210 4319 261 4367 quo
279 4302 335 4353 vid.
348 4302 447 4352 Athen.
461 4302 552 4367 deipn.
565 4303 597 4351 V.
611 4319 636 4367 p.
650 4300 717 4359 211„
737 4298 820 4348 filium
840 4288 957 4346 indicari
975 4296 1082 4346 eredes.
1117 4296 1195 4344 Unde
1215 4294 1308 4343 horum

31 4389 224 4438 ‚riamvirorum
248 4387 469 4438 coniunctionem
491 4385 697 4436 Maximilianus
719 4384 773 4432 ulei
797 4383 867 4447 apud
891 4381 995 4431 interos
1024 4381 1154 4432 didicerit
1183 4380 1307 4442 equidem

31 4475 127 4524 nescio.
181 4477 263 4538 putas
279 4469 391 4538 veliml]
411 4475 427 4521 ι’.
441 4488 463 4521 e.
477 4487 520 4520 me
538 4470 610 4520 velle
629 4471 727 4535 putas?
778 4467 800 4499 ’²
819 4469 995 4531 Exponentur
1013 4466 1125 4516 vol.Vl.
1177 4464 1199 4496 ’θ
1218 4463 1332 4537 ιιιιι-1

31 4560 72 4609 tire
96 4560 212 4608 senatus
236 4553 399 4622 consultura]
415 4557 436 4605 i.
451 4573 475 4608 e.
487 4571 523 4604 ne
542 4554 611 4619 quid'
624 4554 782 4604 detrimenti
794 4550 896 4618 'capiat
914 4549 1043 4600 ecclesie.
1113 4547 1135 4580 ²⁷
1153 4547 1307 4614 Fabricios]

31 4643 188 4710 Capitonem
205 4643 272 4704 vult,
292 4657 345 4692 nou
363 4642 511 4690 Romanum
531 4638 677 4689 consulem.
750 4636 932 4700 Lutneraosm
951 4638 973 4684 1.
1003 4636 1228 4699 leutberonosque
1247 4638 1272 4683 2.
1281 4637 1306 4684 3.

31 4727 103 4779 ldd
121 4727 261 4793 dialogum
280 4742 373 4777 ιιιιιιιιι
393 4724 429 4788 (ᾖ.
445 4723 515 4780 140.)
534 4723 648 4773 adludit.
