3188 5422
247 365 320 436 400
492 382 539 431 XI.
609 396 770 431 cannones.
840 398 980 434 nrunoors
1000 399 1184 435 arrrrrncrs.
1206 384 1290 448 (toan.)

246 549 414 610 mercedem
436 550 537 626 patrie
564 548 656 628 spolia
683 552 842 628 accipiant,
872 533 996 620 amicos,
1026 552 1147 623 allines,
1175 560 1319 629 cognatos
1342 559 1372 612 et
1393 554 1528 631 parente'n

175 663 244 710 §.roc
253 649 447 710 incommodis
462 649 593 710 alliciunt
614 651 671 711 iric.
715 653 815 713 llirari
837 653 926 728 igitur
947 655 1100 733 quisquam
1122 661 1233 732 potest,
1257 653 1325 731 plus
1348 672 1438 732 quam
1459 652 1528 713 illum

242 852 318 914 illius
340 856 476 930 potentiae
499 854 639 914 authores
659 856 731 923 sint,
756 875 852 936 neque
873 867 1003 935 unquam
1026 856 1074 917 ille
1096 873 1237 933 arrogare
1259 856 1315 916 sibi
1340 875 1432 918 ausus
1454 857 1529 917 luerit

120 956 153 1011 '.
241 973 307 1032 quae
329 955 358 1014 nt
380 953 458 1014 ultro
480 954 610 1014 ollerunt
638 963 667 1015 et
694 973 747 1033 per
775 960 990 1018 contentionem
1020 976 1137 1037 quoque
1164 958 1315 1026 tribuunt,
1346 963 1379 1018 ut
1408 960 1542 1018 caussam

242 1053 384 1130 lfgssfltgff'l‘l·
406 1061 414 1132 Ι
436 1057 528 1133 possit
556 1054 706 1118 Romanus
728 1058 861 1120 Pontifex
884 1067 1015 1120 nostram
1038 1060 1078 1126 ibi
1100 1059 1297 1120 voluntatem?
1327 1076 1398 1119 nam
1421 1058 1452 1138 hi
1473 1065 1530 1120 sunt

242 1159 292 1236 qni
317 1157 436 1216 minime
462 1159 572 1227 coacti,
600 1158 652 1220 sed
678 1165 782 1237 sponte
808 1176 860 1221 sua
885 1168 999 1221 tantum
1026 1178 1113 1238 posse
1141 1160 1222 1221 illurn
1244 1158 1364 1228 volunt,
1395 1168 1529 1238 'qnantum

242 1258 349 1336 alloqui
371 1276 462 1318 ausus
483 1277 542 1318 non
565 1260 667 1320 luisset
689 1278 830 1338 arrogare
852 1262 923 1330 sibi,
947 1280 984 1322 ne
1006 1269 1109 1340 optare
1131 1262 1265 1340 quidem:
1289 1279 1329 1320 an
1345 1260 1394 1329 ille
1410 1279 1529 1339 unquam

242 1357 426 1435 lfflffijl
455 1367 625 1422 attentasset
652 1363 840 1424 Germaniam
868 1363 1026 1440 rapiendo,
1056 1365 1110 1425 nisi
1138 1363 1175 1423 ab
1203 1362 1250 1423 his
1277 1361 1529 1439 patefactamsilri

174 1473 241 1523 nm
253 1462 427 1539 reperisset?
455 1461 530 1522 Ecce
552 1469 650 1523 autern
673 1466 824 1542 piraticam
843 1464 889 1524 'ab
918 1467 952 1524 iis
980 1467 1139 1526 institutam
1167 1450 1288 1532 noram,
1320 1463 1483 1524 inauditam
1505 1470 1553 1522 etn

242 1582 299 1642 qna
321 1563 473 1631 violentior
495 1582 555 1624 non
577 1566 692 1643 cognita
715 1574 759 1625 est
779 1586 795 1626 a
817 1566 934 1627 condito
956 1585 1050 1644 usque
1072 1567 1197 1626 mundo:
1219 1565 1439 1644 Imperatorem
1462 1563 1544 1624 orbis·

242 1663 371 1740 qugqlissfflr
394 1670 402 1740 Ι
425 1671 572 1726 terrarum
593 1666 785 1744 prodentibus
807 1667 853 1726 his
875 1666 1063 1754 subiecerunt
1085 1667 1139 1727 sibi
1154 1666 1312 1727 Pontifices
1334 1667 1476 1736 Romani,
1497 1667 1529 1726 ei·

244 1785 301 1844 que
324 1767 499 1828 ademerunt
520 1767 625 1829 urbem
647 1769 776 1846 primurn
791 1768 924 1837 Romam,
949 1769 1054 1829 deinde
1078 1768 1185 1829 bonam
1207 1768 1296 1828 lette
1320 1776 1449 1847 partem,
1471 1786 1529 1846 pro·

173 1869 332 1930 cicinno
354 1868 514 1929 occidentis
536 1867 694 1947 Imperium
716 1872 780 1930 ausi
801 1877 870 1930 sunt
892 1873 975 1949 quasi
997 1889 1083 1931 suum
1105 1878 1215 1949 petere.
1249 1876 1278 1930 et
1299 1869 1488 1948 Principibus
1505 1869 1530 1928 in

242 1968 426 2054 {pilgqglfflq
449 1971 606 2032 Germania
635 1971 831 2049 praescribunt
857 1971 974 2050 legendi
996 1971 1183 2049 Imperatoris
1211 1979 1240 2031 et
1261 1970 1359 2046 legem
1383 1978 1414 2031 et
1437 1970 1556 2031 condi-n

243 2074 357 2141 ciones,
381 2090 507 2151 eumque
530 2080 641 2141 rotant,
664 2074 719 2132 nisi
741 2091 830 2152 quern
852 2074 906 2151 ipsi
929 2072 1017 2134 velint
1039 2080 1067 2134 et
1090 2074 1189 2151 quiin
1212 2090 1265 2132 sna
1281 2072 1372 2134 verba
1390 2073 1530 2138 iurauerit,

243 2174 280 2234 a'd
294 2174 457 2252 Imperium
478 2175 635 2242 accedere,
659 2192 836 2252 omnemque
859 2174 896 2235 ab
919 2173 969 2234 illo
991 2181 1181 2252 potestatem,
1205 2192 1293 2234 omne
1316 2173 1462 2251 regnandi
1484 2175 1530 2240 ius,

244 2276 300 2337 nisi
323 2274 401 2352 quod
424 2276 448 2334 is
469 2292 524 2334 sno
546 2274 664 2336 delinito
687 2283 836 2344 exerceat,
861 2277 1001 2353 eripiunt;
1031 2294 1127 2354 neque
1155 2275 1238 2335 aliter
1268 2274 1307 2335 ab
1331 2274 1382 2334 illo
1411 2273 1531 2334 nisi-de

242 2372 406 2450 Rfflksstflt‘ssj
428 2379 434 2447 Ι
458 2374 596 2436 osculatis
624 2376 679 2437 sibi
708 2377 833 2456 pedibus
861 2376 1019 2453 dignantur
1040 2376 1174 2446 salutari,
1204 2396 1238 2438 ac
1260 2378 1431 2437 ministrum
1453 2391 1531 2437 serum

243 2484 272 2536 et
294 2483 518 2554 procuratorem
546 2484 659 2538 vocant.
704 2478 767 2539 lloc
790 2479 907 2539 tandem
931 2485 974 2539 est
996 2478 1137 2557 praedari,
1167 2478 1225 2540 hoc
1247 2496 1355 2558 rapere
1378 2485 1425 2538 est
1447 2484 1476 2537 et
1495 2475 1531 2536 la·

241 2580 390 2639 trocinari.
1400 2596 1401 2599 ¹
1439 2590 1442 2597 ’
1539 2589 1560 2628 ²⁰

281 2704 283 2707 ¹
306 2700 482 2744 unacuror.
521 2681 653 2743 Tandem
674 2689 733 2743 est:
757 2701 824 2743 narn
847 2684 930 2743 euius
951 2684 1091 2743 momenti
1113 2681 1176 2741 aliae
1198 2688 1267 2742 sunt
1280 2678 1533 2758 rapinationes‚si

244 2783 319 2844 hanc
341 2783 537 2843 aestimemus?

173 2894 369 2974 §.roamuaimp
433 2905 607 2947 nvrrnnvs.
644 2885 809 2949 Admodum
832 2883 916 2946 levis:
939 2886 991 2947 sed
1013 2885 1158 2946 Fuccheri
1179 2885 1222 2944 tui
1244 2883 1314 2962 quid
1338 2882 1387 2942 hic
1412 2881 1532 2944 iaciunt?

304 3006 481 3049 unnonoon.
520 2987 584 3048 Non
606 2987 691 3048 vieleo
713 2986 792 3065 'quid
1498 3047 1502 3056 ,

304 3111 477 3153 nvrrnnvs.
516 3089 674 3150 Ostendam
697 3088 806 3167 aliquid
829 3087 926 3148 lacere
949 3107 1015 3158 coc,
1048 3096 1159 3148 tantum
1187 3105 1223 3148 ac
1249 3086 1322 3152 tale,
1354 3093 1385 3145 ut
1409 3086 1560 3146 urruns

240 3209 346 3253 norum
376 3195 524 3271 principes
552 3193 610 3252 dici
637 3197 822 3251 mereantur:
852 3188 1003 3249 abundant
1030 3190 1108 3250 enlm
1136 3189 1276 3266 pecunia,
1306 3188 1392 3247 ouius
1423 3204 1532 3264 perma-

242 3311 332 3370 gnum
355 3300 399 3353 est
421 3293 460 3353 ibi
473 3301 680 3361 momentum;
704 3293 801 3370 itaque
823 3292 877 3368 ipsi
900 3292 1018 3369 quidem
1041 3291 1240 3368 potentissime
1263 3294 1392 3348 tractant
1415 3289 1532 3347 cunisa-

241 3397 352 3462 nieam,
377 3403 406 3454 et
428 3394 674 3475 quemadmodum
698 3397 727 3455 in
750 3391 812 3452 aliis
834 3391 930 3452 solent
951 3391 1122 3452 frivolorum
1143 3408 1244 3450 rerum
1260 3390 1472 3456 mercimoniis,
1495 3389 1534 3446 sic

172 3501 238 3552 §.nn
253 3493 434 3579 {sssstgffigw
457 3494 464 3564 Ι
486 3496 527 3556 ibi
549 3513 667 3573 qnoque
690 3494 856 3573 propoliurn
879 3493 1080 3561 instituerunt,
1104 3499 1133 3553 et
1155 3499 1256 3553 eruunt
1277 3510 1293 3551 a
1316 3491 1461 3551 Pontilioe
1482 3489 1532 3548 mi-

241 3598 322 3656 noris
345 3597 424 3673 quod
447 3597 573 3656 vendant
596 3598 714 3656 maioris
736 3604 852 3673 postca,
876 3613 935 3656 non
958 3593 1071 3673 singula
1093 3600 1206 3654 tanturn
1229 3591 1388 3661 beneficia,
1413 3591 1466 3651 sed
1487 3603 1562 3648 soto

242 3696 314 3758 lidas
337 3699 421 3758 etiam
446 3699 569 3777 gratiam
599 3699 846 3775 invenienturque
869 3696 960 3758 Barllae
976 3697 1060 3774 apud
1084 3713 1148 3765 eos,
1173 3701 1202 3754 et
1223 3693 1460 3772 dispensationes
1483 3709 1532 3769 per

240 3795 406 3882 mplqflgss
428 3811 436 3883 Ι
462 3817 565 3860 eorum
593 3816 710 3859 mensas
732 3806 816 3867 ennt;
846 3817 943 3876 neque
971 3798 1083 3858 lacilins
1112 3803 1156 3857 est
1183 3796 1292 3855 lucrari
1325 3794 1531 3860 sacerdotium,

240 3920 327 3980 qnam
350 3903 373 3961 si
391 3901 559 3962 Fncclreros
581 3902 690 3961 amieos
712 3899 836 3968 habeas,
861 3900 939 3979 quod
962 3909 992 3960 et
1013 3901 1084 3959 scite
1107 3899 1161 3975 ipsi
1182 3903 1211 3957 et
1226 3895 1363 3957 celeriter
1378 3895 1452 3955 dant
1465 3911 1531 3971 ope·

238 4018 317 4071 rum,
347 4001 460 4082 solique
488 4011 556 4065 sunt
583 4022 639 4082 per
664 4018 739 4078 quos
766 4003 862 4062 omnia
891 4002 1024 4063 obtinere
1053 4000 1120 4061 licet
1142 3998 1258 4059 nomn:
1288 3998 1319 4056 in
1348 3996 1459 4075 quihus
1479 3996 1531 4055 nisi

237 4105 300 4165 haee
329 4113 405 4165 esset
432 4106 552 4173 dducia,
582 4123 660 4182 sarpa
687 4102 777 4165 multa
804 4121 864 4164 non
892 4109 1063 4180 peterentur
1090 4102 1191 4168 istinc;
1226 4101 1289 4176 ipsa
1318 4112 1561 4176 nonnunquamm

237 4203 380 4282 {gfflfflf
402 4215 409 4286 Ι
432 4207 518 4267 Curia
541 4206 664 4283 negotiis
692 4213 824 4274 vacaret,
854 4206 909 4264 nisi
938 4211 1036 4265 essent
1057 4202 1217 4270 luncheri,
1246 4201 1297 4278 qni
1326 4200 1479 4260 mittendis
1499 4216 1531 4257 ac

237 4308 419 4368 remittendis
441 4307 595 4368 celerrime
617 4305 709 4366 literis
729 4307 860 4367 officium
882 4299 1119 4382 interponerent,
1147 4303 1258 4380 optime
1281 4301 1310 4360 in
1334 4299 1392 4360 lroc
1416 4317 1529 4361 meren·

234 4404 444 4490 {malm-q
467 4416 512 4468 tes
541 4407 577 4468 de
599 4406 732 4468 Romana
755 4407 901 4476 Ecclesia,
929 4424 996 4485 quaa
1024 4421 1175 4483 nunquam
1204 4400 1311 4464 melius
1339 4400 1397 4462 silri
1425 4418 1528 4462 consu·

236 4541 439 4554 fl—-v———a-——n

307 4610 318 4641 ⁰
336 4607 374 4674 hi]
394 4609 440 4658 hie
457 4611 517 4659 edd.
564 4609 633 4651 Μ·
647 4607 729 4659 Certe
748 4610 781 4658 de
801 4610 926 4675 pecuniis
945 4622 1051 4685 qnoque
1069 4622 1118 4671 pro
1131 4605 1217 4672 pallio
1230 4605 1396 4670 Mogontino
1409 4615 1526 4668 expensa

235 4698 448 4756 quaestuosaque
466 4694 697 4758 indulgentiarum
717 4699 872 4744 mercatura
890 4707 982 4743 seeum
1002 4692 1137 4756 cogitarit
1154 4691 1303 4740 Huttenuo.
