3210 5416
255 363 259 374 '
331 341 856 422 nraaoor'surrcnresurrecturam.
882 371 1057 452 [1.]ιιοιινε.
1263 358 1335 429 559
1391 355 1397 379 a

111 543 247 599 Nomas.
285 543 388 598 Ferunt
414 560 510 600 aorinn
533 544 671 600 Christum
698 542 855 600 altissimam
883 552 1070 619 paupertatem
1098 536 1253 607 docuisse,
1271 551 1364 601 ron-b
1372 556 1406 600 ιδ.

46 628 222 683 temnendum
245 628 297 684 lroc
320 617 463 689 seculum,
487 629 655 702 despicere
649 629 735 684 inauis
753 628 853 702 gloriae
877 629 974 692 llabra,
1005 627 1088 684 nullis
1109 630 1336 703 occupationibus

44 712 130 767 huius
153 712 243 768 mundi
266 712 405 786 impediri,
434 713 462 769 in
483 720 620 770 momento
643 714 713 768 euim
736 721 832 770 cuneta
855 713 912 770 bac
934 715 1075 788 preterire
1098 722 1126 769 et
1153 732 1226 787 sape
1255 715 1336 770 etiam

45 795 123 851 abire
145 805 289 871 antequam
312 797 450 860 veneriut;
472 814 544 853 nuru„
559 798 595 852 ita
618 815 662 853 res
684 797 786 854 habet?

24 900 34 936 s
108 880 328 954 Pasquillus.
364 881 403 936 lta
425 890 476 937 est.
521 882 572 940 Sed
595 881 713 938 lnecilli
736 882 764 937 in
786 882 1098 945 morraclrosreiiciuut,
1129 883 1252 938 monachi
1275 898 1404 949 rur-§.ea

43 982 122 1025 sum,
146 982 229 1038 quum
251 966 306 1022 sint
330 964 529 1040 opulentissimi
553 975 581 1022 ot
602 968 688 1028 avari,
712 966 739 1021 iu
753 967 931 1033 sacerdotes:
953 975 1035 1040 atque
1060 969 1095 1022 ita
1117 976 1248 1041 perpetua
1265 984 1337 1041 que·

44 1049 106 1105 dam
131 1048 166 1105 lis
187 1060 242 1110 est,
266 1050 299 1105 de
322 1068 377 1123 quo
400 1050 457 1106 haec
478 1051 577 1106 dixerit
599 1050 737 1112 Christus,
760 1068 824 1106 unm
844 1045 1046 1106 contemnendae
1062 1052 1177 1113 (lividas,
1201 1061 1263 1125 qnae
1279 1061 1338 1130 tan·

45 1143 142 1208 tepere
166 1133 303 1213 oblectant
330 1134 475 1197 habentes,
507 1134 680 1192 numliceat
709 1135 830 1192 eeclesiae
859 1137 965 1191 iamiam
992 1136 1086 1192 ditatae
1116 1135 1229 1191 liberius
1256 1154 1350 1209 agere>

43 1236 107 1277 curu
130 1219 299 1291 patrimonio·
314 1218 414 1274 Christi
437 1237 516 1293 qnam
539 1220 640 1276 exactis
664 1219 728 1275 olim
752 1220 930 1294 temporibus.
975 1221 1081 1276 taudem
1109 1220 1141 1277 de
1163 1220 1338 1295 pauperculis
1381 1222 1384 1226 '

24 1303 190 1377 adpostolis
213 1304 264 1360 hoc
286 1321 346 1360 esse
368 1305 469 1360 dietum
493 1301 631 1368 inserunt,
654 1322 709 1361 uon
732 1305 814 1360 huius
837 1306 886 1361 aevi
909 1305 1064 1361 reverendis
1088 1305 1218 1379 patribus.

111 1388 245 1444 Nomas.
283 1387 437 1451 Ellulrniua,
459 1390 579 1463 Iupiter.
608 1407 704 1452 exure,
726 1390 879 1446 comminue
902 1390 929 1444 in
952 1389 1121 1451 barathrum,
1147 1391 1172 1445 in
1194 1398 1377 1459 tartarumq·
1374 1413 1406 1456 q,

45 1475 86 1529 nti
111 1472 248 1544 Gigantes.

110 1557 301 1632 Menippus
337 1557 412 1613 bona
435 1558 530 1620 verba,
560 1558 663 1619 llome
693 1576 726 1614 ne
750 1525 812 1631 quis
835 1559 907 1614 lorte
930 1557 1021 1615 latitet
1044 1558 1180 1632 Coryceus
1203 1568 1251 1614 aut
1273 1559 1337 1614 sub·

44 1641 225 1697 auscultator

24 1746 36 1782 s
112 1725 246 1781 llamns.
284 1725 324 1781 Nil
348 1744 455 1789 moror,
490 1728 536 1801 qui
565 1727 690 1782 ethnicus
719 1744 778 1782 sum
807 1735 834 1782 et
861 1728 905 1782 cui
934 1726 968 1782 ab
991 1728 1071 1783 unica
1093 1727 1215 1783 burtona
1238 1728 1339 1801 pendet

45 1811 183 1872 anchora:
207 1828 278 1883 ego
282 1828 337 1867 non
361 1829 472 1885 arguam
496 1811 568 1884 quud
592 1811 731 1885 quibusvis
755 1810 891 1868 vilissimae
913 1812 998 1866 sortis
1026 1810 1196 1870 homunculis
1224 1812 1317 1867 licet
1312 1831 1338 1867 ιιι

46 1895 143 1956 trivio,
167 1896 221 1951 imo
236 1896 347 1977 'quod
341 1914 392 1951 iam
416 1914 509 1952 omnes
531 1896 681 1952 referant
674 1914 700 1951 in
724 1896 784 1951 loro
807 1905 835 1950 et
858 1896 885 1951 in
907 1896 1019 1950 comitio
1043 1896 1075 1953 ad
1098 1893 1261 1952 tribunalia?
1250 1897 1339 1952 ‘ldis-

45 1996 171 2054 peream,
195 1979 217 2034 si
240 1998 359 2053 unquam
384 1980 436 2036 tale
458 1981 575 2036 notarim
598 1980 668 2054 apud
692 1980 823 2039 ethnicos.

112 2063 326 2137 Pasquillus.
363 2065 433 2119 Nihil
468 2064 609 2139 prohibet.
643 2065 723 2137 modo
749 2065 919 2123 sulnnissins.
963 2064 1092 2126 emoriar,
1126 2066 1154 2119 ui
1183 2065 1248 2119 milri
1277 2065 1404 2122 lucebas.

24 2148 165 2207 amaxima
188 2148 270 2204 inerit
293 2149 400 2206 occasio
423 2149 593 2223 relinquendi
617 2150 742 2213 Nouium,
772 2151 838 2223 quin
862 2148 910 2205 tibi
930 2149 971 2205 uel
996 2149 1132 2205 rninirnarn
1154 2158 1258 2222 partem
1283 2166 1337 2204 uon
1386 2146 1388 2149 ’

46 2231 131 2288 retuli
154 2232 287 2290 scelerum
309 2251 370 2307 quae
394 2233 448 2290 illic
470 2234 553 2290 liunt:
576 2243 608 2290 ut
629 2235 700 2289 enirn
723 2233 787 2291 olim
810 2233 1057 2290 omniumdeorum
1072 2233 1191 2307 asylum,
1215 2234 1251 2288 ita
1264 2250 1353 2289 nunc,

45 2317 224 2389 omnigenum
239 2318 368 2375 viciorum
384 2319 503 2381 sentina,
520 2319 658 2393 praecipue
673 2327 763 2375 autern
779 2321 923 2394 symoniae,
947 2318 1067 2375 avaritiae
1082 2327 1110 2374 ct
1126 2311 1338 2374 incontinentiae.

113 2402 248 2459 hornus.
286 2403 343 2459 lluc
365 2421 406 2460 me
428 2403 583 2465 conseram.
607 2404 732 2477 Menippo
756 2411 845 2461 tecum
860 2421 970 2461 reverso
985 2421 1018 2459 er
1034 2404 1177 2477 Hispania,
1201 2403 1264 2460 hino
1279 2420 1340 2458 rur·

46 2504 110 2542 suin
131 2504 181 2560 per
203 2504 276 2549 mare
299 2488 511 2544 Hadriaticum
504 2506 531 2543 m
553 2488 643 2544 Asiam
666 2489 848 2563 prolecturus.

25 2597 39 2635 5
114 2571 329 2646 Pasqnillus.
367 2573 487 2647 Optarian
510 2582 538 2629 et
560 2573 662 2646 aliquid
685 2573 718 2629 de
740 2583 828 2669 vestra
851 2573 989 2649 republica
1011 2574 1163 2635 addiscere
1187 2572 1406 2636 mundantem

113 2656 252 2714 Nemus.
289 2656 396 2713 Libere
407 2658 520 2731 quodvis
544 2658 683 2731 inquirito.

114 2740 329 2814 Pasqnillus
366 2741 434 2798 Num
458 2750 562 2798 tantus
572 2743 726 2816 principum
748 2743 850 2806 laetus,
875 2751 922 2799 -tot
945 2742 1099 2814 vectigalia,
1131 2751 1173 2798 tot
1201 2742 1338 2813 suffragia.

48 2833 92 2880 tot
115 2826 314 2898 expeditiones,
346 2827 567 2899 aggravationes,
602 2827 854 2900 reaggravationes,
889 2827 1188 2887 anathematisandum,
1222 2825 1338 2881 terrifica

51 2909 165 2965 lulmiua
187 2910 297 2985 phebis,
320 2912 362 2966 uti
384 2912 467 2967 lernae
490 2912 561 2985 apud
584 2929 634 2967 nos
656 2911 876 2984 deprehendisti?

24 3014 40 3054 o
115 2994 249 3051 blomne.
287 2995 362 3066 llaud
385 3013 533 3069 quaquam:
556 2996 706 3069 Imperator
727 3013 811 3058 unus,
834 2996 929 3052 deinde
945 2995 1083 3068 principes
1098 2993 1217 3067 aliquot:
1241 2994 1406 3049 borumaaa

50 3079 195 3151 integritas
219 3081 339 3136 omnium
362 3079 449 3137 oculis
472 3082 609 3155 exposita,
633 3080 660 3136 hi
682 3079 751 3136 nihil
774 3098 853 3155 quam
876 3079 984 3155 publica
1000 3081 1109 3151 negotia
1126 3087 1265 3140 tractant,
1282 3077 1338 3151 pri·

48 3163 119 3220 vatis
141 3163 246 3220 nullum
275 3165 386 3222 omniuo
414 3165 511 3221 ocium.
556 3183 662 3221 morum
690 3165 844 3222 innocentia
873 3165 1001 3227 niaxima;
1034 3162 1150 3219 aulicum
1178 3162 1340 3218 lanrulitium

49 3247 189 3305 sufficiens
211 3257 239 3305 et
267 3249 427 3315 honestum,
458 3249 572 3324 vectigal
596 3250 727 3312 unicum,
746 3248 852 3305 celebre
881 3249 990 3310 saltem.
1017 3247 1225 3304 Alexandrinum
1250 3246 1342 3303 videli-

48 3342 109 3393 eet,
132 3349 181 3390 nec
203 3333 316 3390 cuilibet
336 3335 495 3392 conceditur
517 3353 549 3391 eu
571 3334 665 3390 aulicis
689 3334 743 3391 illis
765 3334 817 3389 diis
839 3334 1005 3390 exactionem
1026 3341 1189 3406 extorquere
1213 3331 1341 3407 aptate,

24 3416 78 3477 eni
103 3435 207 3474 summa
234 3427 262 3474 et
289 3437 320 3474 ea
348 3419 455 3492 quidem
477 3416 627 3475 biom'edea
658 3419 835 3475 intervenerit
863 3419 1019 3475 necessitas.
1064 3418 1150 3473 victus
1180 3419 1290 3474 tenuior
1311 3435 1342 3472 ac

51 3501 235 3564 moderatior,
269 3511 297 3558 et
319 3511 349 3559 nt
371 3504 603 3567 sernel‘dixerinr,
637 3514 668 3560 ut
689 3503 757 3560 nihil
779 3502 953 3577 pestilentius
982 3502 1060 3558 malis
1089 3502 1271 3577 principibus,
1305 3502 1340 3556 ita

51 3586 174 3642 maximis
197 3587 297 3643 viribus
320 3597 454 3644 conantur
477 3589 596 3645 omniurn
620 3588 849 3663 inculpatissimos
872 3607 902 3644 ac
925 3589 1044 3661 optimos
1066 3588 1216 3660 preficere,
1241 3587 1342 3661 'lyran-

51 3686 116 3726 num
139 3688 193 3727 nou
216 3672 358 3746 patiuntur
380 3672 481 3734 vivere;
505 3691 620 3747 quaeque
643 3691 710 3746 gens
732 3673 895 3747 inquilinum
917 3672 1035 3747 aliquem
1057 3671 1108 3727 sibi
1131 3671 1235 3745 deligit.

115 3755 330 3830 Pasquillus.
367 3758 510 3814 Contraria
533 3758 613 3814 modo
636 3758 715 3815 nohis
739 3758 885 3814 obveniunt
907 3757 1026 3831 reliqua:
1057 3759 1173 3830 quisquc
1202 3772 1252 3828 pro
1276 3762 1407 3814 vntotat.

24 3838 167 3913 rorectigal
195 3841 329 3904 deceruit,
359 3841 392 3897 ab
414 3844 597 3915 Argentorato
626 3843 764 3899 Coloniam
794 3861 881 3917 usqne
909 3842 951 3898 bis
978 3843 1045 3897 alena
1076 3850 1154 3897 suist
1163 3839 1303 3899 thelonea,
1327 3856 1342 3891 e

54 3924 154 3999 quibus
176 3926 217 3981 vir
240 3925 324 3982 multa
346 3944 449 3983 summa
473 3936 499 3982 te
522 3929 641 3984 excuties
663 3929 799 4002 pecuniae:
828 3928 998 4000 principatus
1021 3926 1109 3981 numis
1132 3923 1284 3982 redimunt,
1314 3929 1342 3976 et

52 4009 126 4083 quod
150 4009 270 4065 omniunt
293 4011 475 4075 teterrimum,
499 4011 567 4067 Galli
590 4012 744 4075 Germanis,
769 4012 854 4084 ignoti
878 4029 908 4066 ac
929 4009 1066 4084 peregrini
1082 4007 1205 4075 civilibus
1220 4005 1343 4061 ambiunt

52 4111 195 4168 imperare.

117 4179 251 4234 llomus.
287 4180 359 4235 Proh
383 4181 485 4254 pudor,
509 4181 602 4236 Gallus
624 4181 739 4254 imperet
762 4179 908 4235 Germano!
931 4176 1042 4251 perinde
1065 4175 1129 4231 mihi
1153 4176 1204 4231 hac
1227 4174 1341 4236 videtur,
1350 4184 1412 4235 §.aa

24 4264 108 4321 taacsi
130 4262 220 4336 gallus
242 4263 408 4336 gallinaceus
430 4266 542 4339 aquilis,
565 4264 641 4320 euleu
665 4264 826 4337 elephantis.

123 4444 141 4476 ¹¹
162 4442 233 4511 lup]
253 4452 333 4510 apter
346 4449 402 4495 1.2.
450 4445 471 4479 ¹³
489 4446 657 4509 Κωρυκαῑος
674 4435 837 4511 ἠκροάζετο.
856 4442 959 4492 Zenob.
973 4441 1068 4492 tvae.
1116 4440 1169 4474 ¹⁷¹¹⁸
1186 4442 1344 4508 Disperiana

55 4533 79 4578 1.
88 4531 114 4579 2.
165 4527 188 4560 ’l
205 4529 303 4579 todoat
316 4534 339 4580 t.
347 4536 372 4581 2.
425 4529 447 4562 ³³
466 4535 538 4581 vect.
553 4525 711 4592 Alexandr]
732 4528 773 4576 cf.
790 4544 814 4575 e.
828 4543 868 4591 gr.
883 4527 977 4576 fratris
990 4526 1095 4576 Felicis
1107 4528 1192 4576 Fabri
1212 4532 1343 4592 evagato-

55 4614 128 4662 einm
147 4613 174 4662 in
193 4619 295 4664 terram
314 4621 448 4665 sanctam.
501 4612 524 4644 ³⁶
541 4604 715 4678 Διομήδειος
733 4600 854 4676 ἀνάγκη.
874 4611 947 4661 Plat.
960 4610 1099 4676 Aristoph.
1119 4617 1148 4662 et
1166 4610 1212 4661 all.
1237 4610 1281 4662 Ol.
1294 4612 1344 4661 Ze·

56 4697 119 4746 nob.
133 4698 181 4748 111.
191 4697 216 4747 8.
264 4696 286 4729 ⁴⁶
305 4698 452 4765 galhgall.
467 4695 524 4762 aq.[
546 4698 673 4762 Respicit
692 4698 726 4746 ad
751 4696 872 4760 insignia
891 4695 1259 4762 flattina-Germaniaeque,
1284 4713 1345 4762 quse
