3232 5422
256 370 328 440 3'1'2
501 384 548 432 xl.
619 398 779 434 eusebonas.
850 398 990 434 nranoovn
1010 400 1195 435 ermaricus.
1215 383 1298 447 (toan)

316 571 519 614 remersors.
557 551 642 622 Quod
666 561 697 612 nt
720 555 844 621 nonsit,
868 561 965 614 tamen
981 571 1098 632 semper
1114 553 1288 620 honestum,
1309 569 1428 629 semper
1443 553 1546 627 magni·

257 654 383 740 figgusstgqff't
406 662 413 731 Ι
435 654 523 714 licum
547 653 600 714 luit
623 663 812 714 contemnere
842 657 1012 733 pecuniam,
1044 655 1122 733 quod
1146 670 1178 714 ea
1202 656 1317 714 animos
1340 654 1498 714 elloeminet
1517 671 1547 711 ae

256 757 368 833 magnis
391 763 419 816 et
441 755 559 814 infinitis
580 754 755 834 plerumque
776 755 861 816 malis
889 774 990 816 caussa
1020 758 1071 826 sit,
1103 764 1131 816 et
1154 776 1187 816 ex
1211 757 1380 817 divitiarum
1404 754 1546 815 abuudan-

255 855 367 932 fflgffl·
383 855 605 940 ptiapreeliris
627 857 676 917 liat
697 859 727 917 in
750 857 891 917 desidiam
914 865 942 918 et
956 838 1110 918 'luxuriam
1133 857 1244 925 abitns;
1268 863 1373 916 eontra
1397 855 1480 915 locro
1501 855 1547 914 de·

188 959 341 1026 cutmen
364 975 481 1035 semper
502 964 533 1018 et
555 957 632 1035 apud
655 977 758 1018 omnes
780 965 875 1037 turpe.
913 967 943 1017 at
964 967 1060 1019 restra
1083 967 1142 1018 tota
1166 959 1202 1018 ad
1225 966 1371 1037 quaestum
1395 957 1562 1016 adornatum

256 1060 327 1126 vita,
359 1076 456 1136 neque
478 1057 555 1118 abad
578 1077 665 1137 quam
694 1060 1048 1138 ditescerepropositum
1077 1059 1159 1120 vobis
1189 1068 1246 1126 est;
1274 1058 1325 1118 ubi
1350 1043 1426 1118 rere¹
1444 1057 1549 1118 divitiam

256 1162 325 1220 estis
347 1160 493 1228 adsecuti,
517 1160 665 1238 quomodo
688 1162 801 1221 utimini
823 1161 876 1221 iis't

319 1281 497 1322 macaron.
534 1259 625 1320 Aliter
647 1260 703 1321 alii.

318 1379 518 1424 nnmerscvs.
557 1361 660 1422 llelior
681 1381 767 1440 pars,
790 1364 869 1442 quod
885 1382 944 1424 non
960 1362 1095 1440 negabis,
1119 1363 1154 1423 ad
1171 1362 1380 1431 ambitionem,
1405 1361 1547 1422 libidinem

257 1471 286 1523 et
307 1461 414 1541 gulam.
681 1494 682 1497 ¹
747 1508 751 1511 v
1555 1479 1571 1517 u

256 1563 374 1639 {gpss‘fss‘
394 1567 415 1635 Ι·
468 1585 644 1627 unnceron.
683 1565 769 1626 Esto:
799 1567 925 1630 vendere
954 1585 1023 1626 vero
1050 1567 1128 1645 quod
1156 1575 1206 1627 tua
1237 1576 1305 1626 ante
1328 1566 1453 1645 pecunia
1476 1581 1547 1623 oom-

257 1666 422 1743 parareris,
446 1667 632 1727 inhonestum
656 1667 713 1727 hoc
736 1668 800 1727 est?

321 1787 522 1830 rnancmovs.
560 1768 625 1828 Non
656 1775 714 1837 est;
744 1785 913 1848 quanquam
941 1771 1038 1829 omnia
1067 1769 1151 1830 video
1180 1786 1269 1847 supra
1293 1777 1407 1828 sortem
1432 1767 1547 1829 rendere

258 1887 323 1938 ros,
348 1876 377 1929 et
397 1876 479 1929 tanto
501 1868 653 1930 meliorem
676 1874 823 1949 quemque
849 1877 1043 1931 mercatorem
1066 1872 1196 1939 censeri,
1219 1878 1329 1948 quanto
1346 1869 1480 1930 lucratur
1493 1883 1546 1926 ma·

258 1971 318 2048 gis:
348 1971 399 2031 sed
423 1977 455 2030 ut
476 1970 632 2031 honestum
654 1973 691 2030 sit
720 1974 878 2050 negotiari,
912 1979 1009 2032 tamen
1038 1971 1150 2032 divitias
1172 1973 1221 2050 qui
1249 1979 1404 2050 quaernnt,
1435 1985 1568 2030 necessse

259 2080 302 2130 est
324 2071 439 2132 illorum
462 2071 559 2131 studio
581 2073 680 2149 turpia.
700 2089 912 2152 nonnunquam
934 2073 1096 2156 admittant.
1134 2081 1196 2133 tum
1212 2081 1388 2151 exprompta
1412 2081 1445 2130 ut
1466 2069 1545 2148 pluri

255 2169 444 2247 ,⁹5:⁸¹¹‚J„⁸,¹„',⁵¹,3,3„l
468 2192 548 2233 tumn
564 2174 676 2234 lraude
692 2175 768 2234 estis
790 2183 819 2234 et
840 2176 960 2234 astutia:
984 2192 1064 2243 nam,
1089 2183 1120 2234 ut
1133 2192 1194 2234 uno
1210 2174 1306 2234 diearn
1322 2173 1431 2242 verbo,
1455 2178 1545 2232 vestm

261 2272 380 2335 fraudes
403 2281 484 2341 sunt,
511 2275 656 2353 vestrique
679 2273 746 2334 dob.

128 2379 130 2383 ’
190 2392 250 2441 ιιι.
324 2394 497 2436 eversura.
537 2374 629 2444 Nihil,
653 2394 671 2434 o
695 2376 817 2455 bospes,
841 2375 983 2456 relinquis
998 2379 1027 2437 in
1044 2377 1213 2438 Curtisanos
1235 2394 1318 2437 meos
1340 2376 1423 2455 quod
1440 2375 1543 2434 dicatu

260 2482 371 2553 pun.
1002 2502 1021 2510 e
1546 2490 1563 2530 ι

323 2596 524 2639 rnnnomcvs.
563 2578 625 2655 Ego
647 2579 696 2639 bic
719 2597 800 2648 sum,
824 2580 861 2639 de
884 2578 940 2639 illis
962 2587 992 2639 tu
1016 2580 1136 2648 rideriS,
1157 2569 1287 2640 'audiant
1308 2597 1340 2639 se
1364 2579 1461 2656 digna.
1503 2575 1540 2636 llic

259 2679 332 2738 mibi
354 2686 392 2742 tu
410 2698 495 2747 vero,
518 2679 568 2740 ubi
592 2687 621 2739 et
642 2681 759 2759 quando
783 2679 858 2740 rnale
880 2681 957 2758 apud
983 2699 1033 2741 vos
1055 2681 1175 2742 audiunt
1199 2679 1295 2742 callidi
1318 2682 1365 2740 isti
1381 2676 1540 2757 otimprole

258 2779 342 2841 luero
365 2780 473 2841 uelint

323 2902 500 2943 macaron.
540 2882 611 2952 Quia
636 2884 712 2942 euim
735 2882 864 2960 proclive
887 2902 945 2943 non
970 2893 1013 2944 est
1035 2885 1121 2943 nobis
1143 2885 1271 2944 iudicare
1295 2884 1332 2943 de
1355 2883 1429 2944 aliis

324 3002 525 3045 rnmorscvs.
563 2983 627 3043 Non
651 2986 708 3051 e'st,
733 3004 799 3045 eum
823 2983 1041 3046 callidissimum
1064 3004 1212 3065 quemque
1227 2984 1431 3047 fraudatorem
1445 2983 1478 3043 ad
1493 2993 1557 3041 root

262 3082 323 3144 lum
347 3104 440 3163 usque
463 3085 579 3152 seratis,
603 3103 657 3144 nos
680 3093 810 3147 extreme
833 3087 1034 3151 detestemiui‘t

325 3206 502 3247 unnoaron.
542 3186 638 3247 Semel
660 3188 769 3247 laetum
791 3188 850 3247 lroc
873 3197 916 3248 est
938 3187 975 3248 ab
998 3187 1200 3267 imprudente:
1225 3206 1294 3247 raam
1309 3187 1383 3248 illud
1400 3205 1456 3248 non
1471 3184 1535 3245 rideo

263 3287 394 3348 trandent
418 3289 467 3366 qui
490 3289 686 3348 commendet.

262 3406 358 3440 frechet·
409 3381 415 3449 l
481 3409 682 3452 rumorosus.
721 3391 881 3451 Ostendam
904 3393 953 3469 qui
976 3391 1076 3459 laeiat;
1100 3399 1166 3451 tuos
1189 3384 1362 3452 Fuceberos
1385 3391 1476 3451 bonos
1489 3400 1536 3446 esst

262 3489 339 3546 viros
362 3493 469 3566 negas?
864 3505 869 3516 ·
1113 3528 1114 3531 ,
1332 3531 1334 3537 .
1368 3519 1370 3521 >
1542 3498 1558 3538 ιι

194 3598 284 3676 ιιι,
326 3610 504 3653 unnoaron.
543 3592 642 3652 Bonos
664 3610 729 3651 esse
750 3592 826 3653 dieo.
933 3584 935 3587 ’

325 3711 525 3756 suanorsovs.
563 3693 677 3753 livero
700 3711 788 3771 quam
810 3702 902 3756 artem
925 3696 1082 3756 exercent?
1110 3684 1209 3756 nonne
1230 3694 1370 3761 lraudant
1393 3704 1422 3757 et
1443 3694 1537 3756 deirae·

264 3790 333 3851 dant
354 3792 531 3870 quibuscum
554 3795 762 3870 negotiantur?
1262 3814 1265 3818 ·

328 3914 505 3955 manseron.
545 3894 671 3956 Minime.

328 4014 527 4057 rnuncmcrs.
565 3995 685 4056 Vbinam
707 4006 736 4056 te
755 3997 880 4058 testibus
894 3999 963 4059 brrie
979 4018 1089 4060 caussae
1105 4000 1216 4060 idoneis
1231 4002 1462 4067 mercatoribus,
1483 3999 1560 4077 ‹qno-³⁵

264 4095 380 4171 83352220
403 4094 409 4162 l
432 4112 498 4155 rum
516 4112 575 4157 une
589 4098 706 4159 auditur
721 4098 784 4158 lune
799 4108 859 4157 toto
875 4101 949 4161 orbe
964 4099 1098 4179 querela,
1119 4118 1186 4161 esse
1201 4101 1373 4162 rueramus
1388 4106 1438 4182 qui
1452 4092 1539 4161 lucrari
1612 4097 1613 4102 ’

267 4196 339 4256 alios
354 4216 411 4256 non
429 4199 538 4267 sinant,
568 4201 616 4276 qm
632 4197 687 4258 soli
701 4201 843 4277 negotiari
858 4202 936 4277 apud
960 4210 1074 4262 exteras
1097 4202 1229 4261 nationes
1251 4202 1354 4270 velint,
1386 4213 1414 4263 et
1436 4202 1539 4282 quadro

268 4298 351 4375 quasi
374 4301 501 4359 instituta
525 4300 678 4377 tyrarmide
699 4301 740 4361 ibi
763 4302 887 4362 emendo
909 4304 1088 4379 praeneniant
1102 4310 1219 4370 omnem
1243 4307 1343 4364 sinon
1359 4307 1470 4381 possint
1483 4296 1539 4380 prae·

269 4433 418 4440 ——..—..-
432 4434 471 4441 ..-

271 4516 392 4578 'l'yanaeo
412 4519 543 4583 gregibus
566 4526 594 4568 et
613 4521 725 4570 camelis
745 4536 826 4586 agros
850 4536 913 4570 suos
936 4523 1126 4587 deposeendos
1150 4523 1309 4587 reliquisse,
1336 4523 1474 4574 Cratestem
1492 4527 1539 4570 ver⁰

271 4599 431 4649 Thebanum
451 4602 523 4651 bone
541 4617 591 4651 sue
610 4605 639 4652 in
657 4621 737 4654 mero
752 4606 890 4655 obiecisse
908 4607 1024 4656 rettulit.
1056 4607 1099 4656 Cf.
1120 4608 1300 4671 etinnrliiog.
1316 4608 1412 4657 Laort.
1432 4610 1458 4656 iu
1471 4608 1537 4656 ano·

273 4690 300 4732 et
312 4684 394 4732 Cret.
459 4687 468 4713 ¹³
488 4684 595 4749 Melior]
615 4689 632 4735 i.
648 4704 671 4738 e.
686 4690 782 4740 maior.
