3210 5416
268 345 341 414 50ss
710 372 826 408 nracour
846 373 1117 408 recreenvrrrnrcr.

267 543 349 606 atque
372 531 554 595 domicilium,
578 533 614 588 ita
639 532 674 586 ihi
698 549 806 605 quoqne
830 531 981 588 rectissime
1004 530 1147 604 religionis
1169 531 1332 588 Christianae
1355 541 1438 606 caput
1461 534 1550 606 optime

95 657 102 663 -
197 627 339 685 §.stesset
361 617 539 679 collecatum:
568 617 614 690 qui
643 616 732 672 onruia
760 634 830 672 nnus
858 634 907 690 per
935 625 1068 671 terrarum
1097 624 1192 689 posset
1221 615 1316 672 orbem
1346 610 1434 690 ligare
1455 626 1482 673 et
1503 617 1551 674 sel·

265 721 340 764 vere,
363 703 427 758 dare
451 711 478 758 ct
500 702 635 776 accipere,
658 701 775 757 condere
798 709 825 756 et
848 701 994 773 abrogare,
1018 701 1126 756 mittere
1149 709 1177 756 et
1199 718 1342 764 revocare,
1368 701 1462 758 iubere
1477 712 1552 758 ctae

267 796 338 850 tare.
362 804 470 843 serrare
493 795 520 842 et
542 787 736 848 condemnare:
759 785 811 841 sub
833 786 910 841 euius
933 793 1069 859 potestate
1092 784 1207 858 reliquae
1223 795 1316 842 essent
1333 786 1494 843 Christiane
1513 805 1552 842 ιιι-

266 874 354 929 tiones
378 889 486 935 omues,
511 871 609 945 reliqui
632 887 726 929 omncs
749 869 884 944 episcopi;
914 870 960 942 qui
984 870 1035 926 hee
1058 870 1084 925 in
1108 870 1174 926 erbe
1197 871 1286 945 possit
1309 880 1462 934 terrarum,
1489 872 1568 945 quode

266 958 312 1013 alii
336 965 440 1012 tantum
463 957 533 1012 intra
556 974 604 1012 sua
632 963 709 1029 septa
736 954 792 1009 suis
820 953 957 1016 ecclesiis
984 955 1060 1011 cuius
1090 954 1177 1011 solius
1205 954 1322 1011 arbitrie
1345 957 1461 1012 Romani
1482 958 1553 1013 etiarn

266 1041 455 1115 deligerentur
477 1048 505 1095 et
527 1058 607 1113 reges
629 1048 657 1096 et
681 1040 874 1113 imperatores,
904 1039 1136 1112 reiicerenturquc
1166 1057 1235 1113 quos
1259 1041 1317 1114 ipse
1341 1059 1397 1096 nen
1421 1040 1554 1115 probasset

268 1125 360 1189 selus;
384 1125 443 1181 sine
465 1126 542 1181 cuius
565 1125 726 1199 interposita
750 1123 897 1180 autoritate
920 1123 1011 1180 nullus
1034 1124 1139 1198 uspiam
1161 1125 1381 1181 constitueretur
1403 1127 1553 1199 episcopus

269 1211 314 1284 qui
338 1209 414 1265 selus
445 1227 543 1282 regna,
573 1209 711 1271 nationes,
742 1208 874 1283 populos.
905 1208 987 1264 urhcs
1016 1217 1124 1283 sceptro
1150 1218 1275 1292 regeret:
1305 1211 1353 1283 qui
1383 1228 1454 1267 unus
1484 1209 1552 1268 bella.

267 1311 373 1369 pacem,
397 1294 497 1350 loedera
514 1295 716 1356 moderaretur:
740 1294 765 1349 in
787 1311 890 1349 summa
911 1311 982 1349 unus
1004 1294 1092 1350 emma
1108 1295 1256 1368 acciperet,
1280 1312 1352 1351 nutas
1368 1296 1448 1351 damet
1463 1295 1577 1350 omniuo

199 1383 259 1433 §.sa
269 1380 294 1435 is
317 1397 384 1451 erge
413 1378 571 1435 universalis
600 1378 721 1434 ecclesiae
745 1379 866 1434 Antiates
889 1396 945 1440 me,
973 1396 1023 1434 ceu
1046 1378 1168 1435 Christus
1196 1378 1354 1453 apostoles,
1383 1398 1435 1453 per
1457 1379 1552 1436 Germa·

267 1464 354 1526 niam,
377 1463 499 1525 [latriam.
523 1463 641 1519 Suetium
665 1463 728 1519 item
753 1464 825 1537 misit
848 1463 1027 1519 uniiersalem
1051 1464 1188 1521 nuntium:
1212 1465 1331 1558 primurn
1354 1474 1385 1520 ut
1401 1481 1506 1520 emnem
1520 1481 1552 1518 crs

267 1548 370 1603 Christi
392 1547 570 1642 ecclesiaeque
595 1548 766 1610 thesaurum,
790 1547 1020 1643 indulgentiarum
1043 1547 1181 1609 videlicet,
1211 1548 1336 1605 velutin
1360 1549 1452 1605 sinum
1475 1549 1552 1604 inhu-

266 1633 372 1694 derem,
396 1632 423 1688 in
445 1632 684 1690 exedificationem
708 1632 800 1706 templi
824 1634 945 1695 maximi
970 1633 1043 1706 qued
1057 1632 1140 1689 Petro
1163 1634 1255 1690 hema
1279 1634 1433 1696 extruitur,
1457 1633 1551 1707 aliaque

266 1718 363 1774 deinde
386 1717 425 1773 eis
447 1735 589 1791 erogarem
611 1735 672 1791 quae
695 1735 726 1773 ca
750 1718 845 1773 erdinc
867 1717 959 1773 audies
982 1719 1072 1774 mede.
1558 1731 1574 1769 u

199 1816 259 1868 pse.
322 1803 428 1858 Puer.
466 1802 570 1870 Quanta
599 1801 735 1897 pentihcis
765 1802 871 1858 marinii
902 1803 938 1859 sit
961 1811 1081 1876 potestas
1104 1811 1162 1858 turn
1186 1803 1213 1858 in
1235 1802 1303 1859 ahos
1326 1803 1488 1859 Christianae
1509 1803 1551 1857 rei·

266 1887 382 1962 publicae
406 1889 565 1962 episcopos,
589 1897 646 1943 tum
671 1888 697 1942 in
720 1887 871 1947 hornarum
894 1888 976 1943 etiam
999 1888 1205 1961 imperatorem,
1237 1906 1317 1962 quem
1342 1896 1370 1944 et
1387 1888 1416 1943 v-si
1440 1905 1494 1944 nou
1514 1904 1550 1942 su·

266 1973 402 2046 perierem
425 1990 485 2030 esse
507 1979 616 2029 constat
638 1971 673 2027 eh
696 1972 839 2027 sacerdotii
863 1972 1009 2034 honorem,
1039 1971 1153 2028 alterum
1183 1981 1272 2028 tamen
1295 1974 1320 2028 ei
1341 1972 1467 2046 gladium
1489 1989 1565 2034 cone¹

265 2057 393 2119 missum,
425 2058 569 2131 ipsumque
598 2055 681 2129 longe
711 2066 834 2130 tempere
862 2056 984 2112 ecclcsiae
1007 2057 1132 2112 llemanar
1154 2058 1300 2131 episcopos
1328 2058 1454 2119 dedisse,
1482 2073 1548 2112 neme

267 2149 359 2215 potest
382 2142 422 2197 ire
445 2141 561 2203 inficias:
590 2150 647 2197 tum
670 2142 750 2198 etium
774 2142 847 2214 quod
870 2135 909 2197 illi
932 2143 979 2197 uni
1002 2141 1102 2198 liceant
1123 2142 1228 2203 omnia,
1260 2143 1285 2198 id
1308 2150 1438 2199 excutere
1461 2140 1571 2215 quihusa

198 2223 293 2281 l·¹¹·ct
321 2226 409 2281 maier
442 2226 561 2283 eruditio
589 2235 616 2281 ct
645 2226 675 2282 ad
706 2244 776 2299 quos
804 2226 829 2281 id
861 2225 924 2299 plus
955 2234 1073 2300 spectat.
1108 2225 1244 2299 relinque.
1289 2226 1390 2283 Verum
1420 2227 1477 2283 haec
1501 2225 1547 2281 scie

266 2309 348 2382 longe
371 2309 449 2365 aliam
473 2311 557 2365 luisse
585 2310 741 2365 missionem
771 2310 959 2383 apostolerum
982 2311 1082 2366 Christi
1110 2319 1138 2366 et
1166 2311 1249 2367 huius
1281 2311 1437 2384 pontilicis:
1466 2310 1503 2366 illi
1525 2310 1546 2363 iu

265 2394 488 2468 pradicationem
515 2394 676 2467 evangelicae
704 2394 855 2468 disciplinae
883 2396 914 2450 ad
945 2404 1040 2469 gentes
1069 2404 1096 2451 et
1123 2394 1279 2455 incredulos
1308 2395 1499 2462 mittebantur,
1525 2396 1544 2448 in

266 2479 444 2552 piscationem
475 2480 629 2541 hominnm,
661 2479 687 2534 in
717 2480 913 2535 extructionem
942 2481 1062 2536 rivermn
1091 2481 1293 2553 spiritussauctr'
1322 2480 1498 2554 templerum,
1522 2495 1544 2532 ac

197 2566 254 2616 iffi·
265 2581 315 2638 per
341 2581 471 2634 summam
500 2572 686 2638 paupertatem
709 2564 737 2619 in
765 2564 911 2638 praesentia
941 2564 1063 2640 pericula
1090 2572 1126 2620 et
1145 2573 1263 2628 mortcs;
1294 2574 1320 2621 te
1351 2583 1415 2622 vere
1445 2564 1567 2619 vidimus-u

265 2649 377 2707 niissum
401 2649 433 2705 ad
456 2648 549 2705 fideles
572 2647 734 2710 Germanos,
764 2665 819 2703 nen
842 2656 896 2705 tam
920 2649 946 2704 in
970 2649 1021 2705 lide
1042 2650 1222 2708 continendos
1253 2649 1331 2721 (sunt
1354 2651 1426 2706 enirn
1448 2648 1543 2720 religio

264 2733 306 2788 nis
330 2734 504 2806 tenacissimi)
527 2750 607 2806 quam
631 2735 745 2807 pecunia
761 2732 927 2807 spoliandos,
951 2751 1004 2789 non
1028 2734 1235 2808 in'piscaturam
1252 2735 1410 2800 hominum,
1433 2734 1477 2789 sed
1491 2732 1542 2787 Gor·

264 2819 360 2874 manici
384 2819 520 2875 thesauri:
551 2819 576 2874 id
606 2819 678 2891 quod
701 2819 814 2874 maxime
837 2836 884 2874 vos
907 2835 992 2874 ueros
1015 2817 1155 2892 apostolos
1184 2827 1279 2892 petere
1308 2819 1350 2874 rel
1379 2818 1452 2875 orbis
1478 2815 1540 2873 testis

263 2912 322 2965 est,
346 2920 400 2959 nen
423 2904 451 2959 in
473 2904 704 2960 constructionem
729 2903 850 2958 rivorum
874 2904 1076 2976 spiritussancti
1105 2902 1285 2976 templerum,
1315 2922 1410 2960 vermn
1437 2911 1539 2959 mortno

264 3005 323 3043 ιιιιιι
349 2984 439 3061 (atque
463 2989 566 3044 utinum
595 2987 635 3049 id,
666 2987 746 3043 audie
774 2988 845 3042 enim
873 2988 941 3043 nihil
971 2988 1097 3044 aedificari
1125 2989 1216 3043 minus
1244 2988 1353 3051 Romae,
1384 3006 1461 3061 quam
1480 2982 1560 3041 Perae

265 3071 410 3147 templum,
440 3082 486 3130 aet
515 3074 537 3128 si
569 3072 634 3145 quid
669 3072 700 3127 ad
735 3073 945 3135 ostentationem
979 3071 1186 3146 elusionemque
1220 3072 1418 3130 Germanorum
1449 3071 1536 3127 labrire

263 3164 354 3230 operae
388 3158 506 3213 interdiu
544 3156 716 3231 perficiatur,
752 3165 835 3212 noctu
869 3157 896 3212 in
931 3157 1056 3219 domum,
1092 3157 1184 3213 nescio
1219 3158 1302 3223 cuius
1339 3156 1490 3215 cardinalis,
1516 3149 1535 3206 id

263 3242 338 3296 avehi
368 3241 466 3313 tetum)
489 3241 623 3315 lapidum,
644 3259 685 3297 ac
707 3241 730 3296 si
755 3242 824 3314 apud
848 3257 899 3296 nos
922 3259 976 3297 nen
999 3243 1065 3297 satis
1094 3242 1199 3297 onerati
1229 3243 1255 3297 iu
1285 3242 1443 3299 extruendis
1469 3240 1533 3294 murra

263 3323 413 3398 lapidibus,
437 3325 537 3398 quibus
561 3327 613 3399 ipsi
636 3326 689 3381 lrui
713 3343 860 3399 pessumus
882 3331 911 3382 ct
933 3326 965 3382 ad
988 3326 1213 3399 magnificentiam
1236 3335 1265 3382 et
1288 3327 1320 3382 ad
1344 3329 1476 3401 picmtern,
1494 3336 1531 3376 een

262 3408 370 3476 demum
392 3427 442 3483 per
463 3427 594 3465 srrrnmam
617 3418 804 3485 paupertatem
828 3411 854 3466 iu
876 3410 998 3484 pericula
1025 3421 1053 3467 et
1080 3419 1197 3471 rarortes,
1226 3428 1321 3466 verum
1348 3428 1462 3467 summas
1483 3404 1551 3462 etri-s

196 3493 332 3555 caecas,
356 3493 471 3557 lustum,
495 3493 588 3549 larsem
611 3503 638 3550 et
660 3493 808 3551 libidinem.
852 3496 928 3553 hicet
949 3497 1032 3552 sciam
1055 3497 1126 3551 iuter
1148 3495 1297 3554 Germanos
1320 3495 1403 3569 paule
1425 3490 1528 3550 oculatie·

261 3594 305 3632 res
328 3594 388 3633 esse
411 3576 532 3652 aliquos.
563 3578 595 3633 ad
624 3596 694 3650 ques
721 3581 745 3634 si
774 3580 896 3642 veneris,
925 3579 1077 3654 periculum
1105 3580 1153 3635 tihi
1178 3581 1241 3636 ritae
1264 3589 1319 3637 tam
1343 3598 1457 3654 praesens
1477 3577 1526 3630 leret

261 3662 346 3725 lente,
371 3680 451 3735 quam
475 3662 608 3736 apostolis
632 3664 703 3719 inter
724 3673 821 3737 gentes
844 3664 925 3727 elim,
949 3684 979 3721 ac
1001 3664 1057 3720 tihi.
1074 3666 1143 3739 apud
1160 3665 1249 3721 llaniae
1273 3682 1368 3738 regem
1390 3680 1469 3738 nuper
1485 3660 1525 3716 hc

260 3755 318 3803 rat:
343 3764 392 3805 nec
416 3757 504 3804 tamen
528 3749 680 3804 sanctitatis
702 3758 757 3805 tuae
779 3766 860 3805 causa
884 3750 925 3813 id,
950 3767 1040 3806 terum
1064 3751 1129 3822 qnia
1149 3750 1240 3807 rident
1265 3758 1292 3806 te
1308 3769 1339 3806 ac
1355 3751 1523 3807 tuosmnen

260 3828 360 3889 Chrisli
383 3832 485 3891 similes
508 3831 656 3907 apostolis,
686 3851 766 3907 quarn
794 3835 854 3890 eius
883 3851 963 3908 quem
985 3851 1018 3889 er
1039 3833 1175 3909 Babylone
1198 3835 1323 3891 futurum
1348 3835 1446 3893 lerunt,
1469 3823 1543 3884 amia

259 3918 370 3981 christi,
400 3920 490 3974 onmia
517 3917 676 3975 vendentem
698 3919 828 3992 pecunia,
858 3936 934 3977 sacra
956 3926 1037 3992 atque
1058 3919 1214 3993 prophana,
1243 3938 1298 3993 qua
1321 3915 1461 3977 Florentini
1480 3906 1521 3965 reli

260 4004 363 4077 quique
391 4003 574 4063 hemaneuees
604 4003 636 4060 ad
665 4020 744 4059 ornae
772 4002 893 4060 libidinis
920 4021 1007 4077 genus
1036 4003 1195 4067 abutantur,
1225 4004 1411 4080 deceptosque
1434 3993 1519 4056 scente

259 4088 408 4144 Germanos
430 4089 569 4162 irrideant.

323 4172 484 4246 Le‘gatus.
520 4173 589 4240 euin
613 4181 671 4229 tute
694 4180 782 4229 tecum
807 4174 1017 4230 immurmures?

191 4260 249 4310 teo.
321 4257 418 4313 Puer.
456 4258 565 4314 Tacitus
593 4258 764 4314 sarnetitatem
791 4257 938 4331 legationis
966 4266 1019 4315 ture
1048 4275 1149 4316 naccum
1178 4258 1352 4333 reputabam,
1379 4268 1451 4331 teque
1467 4251 1539 4306 tell

260 4340 386 4412 parabam
408 4360 469 4398 cum
492 4343 625 4421 apostolis
648 4342 756 4397 Christi.

326 4519 337 4552 ²
361 4524 454 4573 emnia
477 4539 550 4574 nunc
568 4532 614 4574 um
630 4528 655 4576 3.
731 4523 742 4556 ¹
765 4525 843 4591 dilig.
857 4527 916 4575 edd.
987 4523 1006 4558 ¹¹
1031 4526 1181 4591 Legatum*
1253 4524 1273 4558 ¹⁷
1296 4528 1339 4577 De
1364 4521 1515 4590 impcrelfflh‘

202 4672 208 4686 ι
257 4600 280 4635 ²¹
298 4604 366 4665 Quae
384 4608 480 4658 missio
499 4609 709 4673 apostolerum·
743 4609 765 4642 ¹¹
785 4610 875 4675 siquid
887 4608 946 4675 etc]
966 4609 1009 4659 Cf.
1023 4609 1245 4674 Pasqnill.e1nl.
1259 4612 1283 4671 §-
1294 4611 1333 4661 te.
1375 4592 1514 4659 oremale

259 4686 287 4739 in
300 4686 415 4739 decimae
428 4693 634 4760 praestationem
647 4696 844 4746 consentiatur.
858 4696 881 4757 §-
895 4693 938 4747 23.
986 4693 1008 4726 ³¹
1028 4695 1072 4744 ‘ed
1084 4693 1220 4759 palatium
1233 4696 1364 4747 Medieee'
1377 4682 1514 4755 Petellidld·
