3210 5416
114 393 230 428 BlALOGl
249 392 354 428 sarm
373 391 490 427 HBTIVE
510 388 634 425 cannam.
656 372 696 441 [1.]
716 388 943 446 contererentur!
962 387 1225 423 THEOLOGISTARVU.
1274 358 1347 430 585

62 549 191 627 prehensi
214 551 324 608 luerint.
367 549 595 607 contrafacientes
617 557 745 624 tanquam
767 557 938 606 contumaces
961 557 988 604 et
1010 547 1126 604 rebelles
1148 548 1251 605 excludi
1274 549 1349 605 volu·

62 655 123 693 inus
145 637 189 693 hic
211 646 238 693 et
260 636 362 710 uirique
385 644 412 691 et
435 636 461 691 in
479 635 604 691 omnihus
626 634 694 691 locis
716 635 838 691 honestis
854 634 887 690 ah
902 633 1139 696 Universitatihus,
1162 643 1189 689 et
1205 634 1349 707 subpone

63 721 243 778 inhabilitatis
266 722 296 777 ad
320 733 514 799 quemcunruiex
529 720 643 793 gradum
666 722 692 775 in
709 719 872 793 theologia,
894 721 916 774 si
941 719 1024 774 luerit
1045 720 1188 792 magister,
1211 719 1235 775 si
1258 728 1347 775 autem

63 808 91 861 iu
116 805 280 869 minorihus,
309 823 342 862 ue
370 813 562 880 promoveatur
584 806 616 861 ad
639 805 751 879 gradum
774 804 931 878 magisterii.
976 804 1127 860 lloctrinam
1150 821 1213 859 vero
1236 804 1416 862 aetheriae.
1459 796 1461 814 '

39 900 93 948 act
115 892 173 948 eius
196 891 281 947 libros
302 892 474 954 damnamus3
502 890 681 946 annihilamus
707 897 735 945 et
763 890 795 945 ad
818 890 908 963 iguem
932 889 1091 951 indicamus,
1121 906 1173 943 una
1201 906 1261 945 cum
1289 890 1348 963 ipso

63 984 174 1039 autore,
203 994 257 1032 nen
286 966 412 1032 ohstaute
440 976 513 1050 quod
541 993 591 1032 nos
619 992 675 1031 nou
703 974 880 1049 intelligimus
907 991 995 1048 neque
1023 975 1166 1030 confutare
1193 992 1349 1048 possumus.

64 1069 180 1136 propter
201 1062 375 1118 autoritatem
397 1060 534 1135 Evangelii
557 1069 584 1117 et
607 1058 746 1135 Apostoli,
771 1059 869 1134 quihus
892 1057 1019 1115 roborata
1041 1067 1092 1114 est.
1136 1059 1183 1114 sed
1207 1060 1268 1132 quia
1292 1060 1349 1134 ipso

65 1163 120 1201 non
144 1147 269 1219 sequitur
296 1147 487 1203 sentimentum
515 1154 656 1207 nostrum,
684 1154 712 1201 et
738 1145 820 1218 erigit
849 1161 928 1199 unam
957 1160 1052 1200 novam
1075 1144 1293 1206 lluirersitatem
1322 1153 1350 1200 et

64 1231 150 1287 trahit
171 1232 203 1286 ad
226 1239 255 1289 se
278 1249 373 1288 omnes
396 1231 548 1308 scholares,
576 1248 665 1305 neque
694 1230 812 1286 ostendit
843 1227 921 1285 nohis
951 1229 1071 1286 debitum
1095 1229 1226 1287 honorem
1249 1230 1349 1303 gradus

30 1317 236 1389 romagisterii‚
270 1316 331 1372 ideo
358 1304 584 1373 contrafacientes
611 1316 871 1372 excommunicamus
900 1313 953 1369 lata
982 1314 1033 1370 iam
1067 1316 1214 1378 sententia,
1247 1333 1260 1371 a
1296 1332 1348 1389 qua

32 1450 34 1457 ,
63 1419 119 1456 nou
142 1400 228 1458 valeat
249 1401 351 1458 absolvi
379 1402 430 1457 uisi
459 1419 508 1475 per
538 1419 588 1457 nos
611 1401 755 1474 llagistros
778 1408 889 1456 nostros
918 1399 951 1454 ad
975 1400 1030 1456 ‘hoo
1056 1399 1214 1474 deputatos,
1244 1399 1349 1456 scilicet

62 1485 160 1546 Eccio.
184 1487 238 1541 Leo
261 1494 289 1542 et
311 1486 440 1542 Arnoldo.
463 1487 567 1542 ilatum.
591 1494 643 1542 ete.
746 1504 754 1520 ·
886 1491 891 1500 '
1227 1483 1229 1488 ’

47 1582 48 1585 ’
127 1571 373 1628 llochatratus.
411 1570 524 1628 Sufficit.
573 1569 612 1628 lta
639 1569 764 1631 volumus
790 1569 938 1645 publicare.
988 1568 1021 1626 Et
1049 1570 1089 1627 sic
1109 1578 1159 1627 'est
1186 1570 1246 1627 linis
1274 1569 1349 1626 illius
1395 1609 1396 1613 ,

62 1663 149 1712 aetus.
193 1657 246 1712 lleo
268 1657 379 1731 gratias.
422 1659 515 1713 lmen.

25 1851 52 1891 ¹⁵
523 1843 635 1900 llatatio
657 1843 757 1900 dextrae
780 1843 888 1900 excelsi.

63 1989 183 2058 [Figura
205 1993 286 2058 quasi
308 1939 443 2067 principie
467 1991 610 2058 alectoria,
636 1993 728 2064 eapite
747 1993 886 2055 radiante,
911 1993 1025 2042 dextera
1048 1992 1189 2056 ingentem
1207 1992 1346 2057 sagittam,

60 2073 136 2126 lara
154 2075 252 2127 librum
271 2083 395 2143 apertum
414 2066 547 2139 tenentis,
573 2077 608 2127 ad
631 2078 716 2143 pedes
739 2082 803 2131 sunl
820 2077 905 2142 piaeie
924 2082 952 2127 et
969 2077 1071 2126 Chiron
1089 2078 1148 2128 sive
1167 2075 1347 2143 sagittarius]

148 2215 204 2271 Nisi
227 2217 350 2274 conversi
372 2217 493 2280 fueritis.
517 2216 636 2290 gladium
660 2217 784 2281 vibravit.
808 2226 835 2273 et
857 2235 947 2274 areum
970 2235 1049 2274 suum
1071 2217 1199 2280 tetendit.
1222 2226 1250 2303 et
1272 2235 1345 2297 para·

130 2381 140 2397 ·
208 2301 253 2392 vrit
276 2301 302 2357 iu
326 2300 372 2358 illo
396 2320 456 2358 rasa
479 2303 583 2360 mortis.

133 2549 153 2582 ¹1·
171 2551 272 2602 esaim.
285 2552 408 2602 ιιιιινι.
424 2551 462 2602 ιι.
532 2550 553 2584 ¹⁸
571 2551 802 2603 Psatm.vt1.13.
820 2552 858 2602 u.
899 2537 1034 2603 vauriae:
1054 2569 1146 2603 areum
1165 2568 1241 2602 suum
1261 2555 1348 2615 raian,-

21 2687 24 2691 ,
60 2637 103 2687 dit
123 2642 152 2686 et
169 2639 281 2703 pararit
299 2637 388 2699 illum,
409 2639 483 2688 etin
502 2653 534 2687 eo
552 2639 661 2703 paravit
678 2654 747 2688 vasa
765 2640 859 2688 mortis
874 2641 906 2687 ..”
926 2639 1084 2689 Prahate.
