3232 5422
271 341 344 412 394
509 357 557 406 XI.
594 405 598 412 ,
629 373 794 409 rnanouaa„
863 355 1208 411 mannersnrrrnurcvs.
1234 360 1318 426 (¹5²0.)

269 545 334 587 rum
359 530 569 606 imperatorum
594 527 729 588 invidiam
752 535 886 606 tempore
908 531 1036 607 primum
1052 530 1175 590 secundi
1191 530 1350 599 Friderioi,
1374 530 1545 608 deindepau·

269 627 348 688 latim
372 629 426 689 snb
457 629 639 707 principibus
661 631 815 691 Germanis
837 630 986 690 Romanos
1013 632 1165 708 pontifices
1192 632 1435 710 impugnantibus
1461 649 1546 709 erupe

201 727 465 818 §.raafflffiffltp
487 737 570 798 runt;
595 749 661 791 nam
678 750 746 791 rum
769 731 995 792 contraherent
1016 732 1047 792 bi
1069 751 1127 811 quo
1150 733 1336 813 tyrannidem
1359 752 1443 794 suam
1465 733 1548 794 adrer-

269 851 320 892 sus
342 833 557 910 imperatorum
580 839 747 893 nostrorum
771 836 930 910 potentiam
953 840 1123 902 tuerentur,
1155 834 1309 896 consilium
1338 836 1512 896 inrenerunt
1527 842 1550 893 ut

267 934 322 993 bos
345 935 510 994 emitterent
532 935 714 1012 hypocritas,
739 935 788 1013 qui
812 933 941 995 lavarent
965 934 1156 995 conciliarent
1177 936 1234 996 sibi
1254 937 1418 1013 praedicata
1433 916 1484 998 sna
1498 950 1570 1014 past

267 1033 480 1120 ,lssffi'clfiz‘lssll’m'fl
504 1030 511 1099 l
535 1037 589 1096 sim
612 1035 638 1095 ri
661 1054 695 1095 ac
717 1037 838 1104 virtute,
862 1053 950 1114 quam
973 1053 989 1096 a
1012 1037 1127 1097 Christo
1149 1045 1182 1098 ut
1203 1037 1285 1098 Petri
1307 1056 1499 1099 successores
1516 1056 1549 1097 ar·

267 1138 413 1213 ceperint,
448 1143 477 1196 et
504 1154 645 1214 persuasa
674 1136 761 1215 plebe
790 1138 1081 1199 sanctissimos'esse
1107 1146 1207 1200 tamen
1230 1141 1280 1218 qui
1303 1141 1404 1200 vivant
1427 1139 1549 1200 scelerate

267 1239 363 1296 etiam.
409 1224 438 1297 et
459 1244 530 1298 tunc
560 1239 689 1316 primum
718 1246 883 1299 transverse
913 1246 1016 1319 raptus
1044 1239 1198 1301 aCbristo
1227 1239 1358 1320 populus
1386 1241 1549 1303 Christianus

267 1339 296 1397 in
318 1336 398 1416 leges
420 1339 582 1399 antichristi
604 1341 750 1417 pontilicis
773 1337 932 1410 concessit,
955 1358 1022 1400 curn
1045 1348 1113 1402 ante
1134 1348 1262 1403 tentatus
1277 1344 1380 1420 potius
1396 1362 1485 1421 quam
1499 1360 1548 1421 per·

266 1457 371 1499 suasus
393 1447 483 1500 esset:
507 1447 619 1500 tantmu
643 1443 805 1521 effecerunt
827 1442 1065 1521 pseudoapostoli
1087 1442 1142 1513 illi,
1159 1443 1310 1504 -doctores
1333 1443 1414 1513 taisi,
1444 1442 1570 1505 audin-o

267 1541 338 1600 tium
361 1560 448 1602 aures
470 1541 586 1617 titillare
609 1544 704 1621 periti.

198 1658 267 1707 §.rao
330 1663 531 1704 rnaumaovs.
569 1644 641 1705 Rem
665 1663 768 1705 narras
790 1646 868 1706 baud
893 1646 1029 1707 omnibus
1052 1647 1197 1724 cognitam
1220 1647 1316 1725 prius,
1342 1646 1396 1707 sed
1412 1665 1499 1725 quam
1517 1647 1548 1704 in·

266 1751 421 1805 notescere
443 1746 575 1824 precium
598 1763 697 1823 operae
718 1749 763 1807 sit.

329 1866 505 1909 nvrrnuvs.
542 1847 632 1907 Plane
656 1855 714 1917 est,
743 1855 830 1927 atquc
852 1850 941 1926 igitur
963 1865 1049 1916 cura,
1079 1855 1111 1908 ut
1132 1840 1205 1908 sciat
1226 1847 1361 1909 Carolus.

328 1967 530 2011 rnauoraevs.
568 1950 661 2010 Sciet:
684 1949 732 2009 alii
756 1968 825 2009 vero
848 1957 881 2010 ut
902 1951 1074 2029 coeperuntl
1329 1994 1341 2013 ,⁴
1554 1960 1572 1999 ¹⁵

265 2048 395 2129 blllllll
460 2071 632 2113 nvrrnuvs.
671 2052 813 2111 Instinctu
835 2051 971 2113 Satlrauae
999 2069 1117 2119 onureS,
1146 2059 1180 2112 ut
1207 2051 1389 2113 divideretur
1416 2052 1548 2119 Christis,

266 2152 344 2230 quod
367 2150 436 2213 olim
458 2171 516 2231 quo
539 2155 636 2213 minus
658 2154 756 2222 lieret,
779 2154 907 2230 optimus
929 2153 1136 2232 Apostolorum
1158 2145 1275 2214 Paulus
1288 2156 1398 2214 acriter
1421 2154 1533 2215 obstitit

329 2273 528 2317 rnaucrscvs.
567 2253 642 2324 Ouid
665 2255 727 2314 ais?

187 2366 388 2423 *autumant
427 2353 435 2424 Ι
499 2375 672 2418 nvrrnnvs.
711 2356 774 2416 Hoc
796 2357 874 2415 enim
897 2356 1102 2434 quod-revera
1124 2361 1182 2415 est:
1210 2372 1280 2415 nam
1298 2355 1491 2435 nibilaeque
1510 2356 1551 2414 de·

266 2464 388 2518 testatus
410 2464 455 2517 est
476 2457 610 2516 Christus
632 2476 699 2518 cum
722 2460 751 2518 iu
773 2447 860 2517 terris
883 2464 999 2534 ageret,
1037 2476 1071 2516 ae
1098 2455 1282 2534 pestilentem
1312 2459 1397 2518 istam
1427 2457 1579 2537 hypocr-o

264 2556 401 2635 figg'jgssss‘g
431 2560 530 2632 isim,
562 2577 649 2637 quam
672 2560 702 2619 bi
724 2558 867 2627 restibus,
898 2559 1009 2628 rerbiS,
1039 2559 1235 2627 ceremoniis,
1266 2558 1394 2637 denique
1424 2567 1484 2619 tota
1506 2560 1553 2618 rita

264 2679 326 2739 pirae
347 2679 380 2721 se
402 2661 514 2729 lerunt;
538 2667 567 2719 et
587 2666 658 2721 tunc
680 2661 800 2739 quidem
822 2679 889 2722 cum
912 2678 1026 2721 summe
1049 2659 1176 2736 religiosi
1198 2660 1290 2721 videri
1312 2660 1431 2731 volunt,
1455 2660 1553 2737 longis-

264 2765 337 2824 sime
359 2763 513 2823 discedunt
535 2782 551 2823 a
574 2761 730 2839 religione;
755 2762 891 2823 omnibus
914 2763 990 2822 eninr
1013 2762 1074 2821 suis
1096 2760 1293 2821 lactisnovas
1315 2764 1387 2822 istas
1408 2768 1439 2823 et
1453 2763 1554 2822 infinite

265 2867 359 2926 varias
381 2866 570 2925 caeremonias
593 2871 780 2941 praetentant,
805 2882 913 2943 easque
935 2864 1093 2923 ostendunt
1116 2862 1225 2940 ubique
1247 2861 1351 2940 vulgo,
1375 2863 1554 2924 utilissimum

265 2967 381 3028 lallendi
404 2969 646 3034 instrumentum,
680 2970 789 3046 quiippe
818 2966 863 3026 bis
893 2965 1009 3026 tandem
1038 2965 1112 3025 larcia
1133 2965 1163 3023 in
1186 2962 1374 3038 detestabiles
1397 2965 1581 3025 lrumanumu

195 3081 261 3132 §.ua
274 3087 367 3146 genus
390 3086 508 3128 errores
529 3068 724 3146 abduxerunt.
769 3070 830 3145 Ago
853 3074 950 3127 autem
972 3066 1038 3145 quis
1066 3067 1213 3138 omnium,
1243 3066 1375 3144 exceptis
1397 3067 1555 3127 innocenti·

263 3169 356 3246 3322?
377 3176 384 3246 Ι
407 3170 464 3230 bus
486 3172 586 3248 pueris
613 3171 663 3248 qui
691 3176 758 3229 ante
781 3186 873 3229 aranos
895 3169 1067 3246 capiuntur,
1097 3167 1260 3228 monachus
1282 3169 1314 3228 bt
1336 3186 1419 3230 nunc
1442 3170 1498 3228 nisi
1511 3168 1554 3247 qui

263 3279 313 3332 aut
335 3273 483 3333 iortunam
506 3291 624 3333 omnem
647 3272 860 3349 desperaverit,
884 3279 933 3331 aut
956 3289 1043 3350 quem
1067 3287 1141 3348 opus
1163 3269 1262 3330 iacere
1284 3268 1424 3330 manibus
1455 3272 1556 3348 pigeat,

185 3431 190 3440 ,
263 3379 292 3431 et
314 3374 410 3437 ocium
433 3374 563 3451 qnaeratl
585 3380 635 3432 aut
658 3375 751 3433 ventri
774 3372 889 3434 deditus
910 3373 961 3452 qui
982 3374 1038 3432 siti
1064 3379 1116 3431 aut
1138 3370 1286 3433 infamiam
1309 3373 1361 3450 qui
1384 3372 1467 3432 lerre
1486 3375 1556 3431 inter

262 3473 397 3533 homines
419 3475 563 3552 nequeat?
585 3481 636 3534 aut
658 3475 707 3552 qui
730 3473 851 3535 sceleris
873 3475 1008 3534 conscius
1030 3473 1085 3534 sibi
1108 3490 1224 3550 poenam
1240 3479 1366 3542 metuat,
1390 3479 1443 3533 aut
1457 3472 1583 3533 buius-³⁰

262 3572 361 3633 modi?
383 3581 463 3634 certe
486 3582 519 3635 ut
540 3575 657 3635 Christo
680 3578 787 3636 serviat
809 3583 838 3636 et
860 3572 988 3636 fructum
1011 3574 1109 3634 inilia
1132 3593 1216 3634 sacra
1238 3572 1321 3634 vinea
1345 3573 1451 3644 iaciat,
1474 3590 1565 3660 nemo¹

262 3677 308 3735 lit:
343 3693 410 3735 nam
433 3676 523 3755 siquis
545 3676 603 3736 boc
633 3685 794 3755 quaereret,
829 3677 939 3755 ubique
968 3683 1067 3754 posset
1097 3674 1209 3737 facilius
1235 3682 1380 3752 praestare
1411 3694 1501 3754 quam
1529 3676 1556 3733 iu

193 3771 499 3861 §.raa.{¹,g¹g⁴⁶l'‚²gpffi⁹¹¹¹¹·l
528 3778 631 3838 devota
655 3778 710 3839 bac
733 3780 798 3839 vita.
841 3777 1041 3848 Quamobrem
1063 3777 1216 3856 peribunt,
1246 3775 1386 3855 peribunt
1415 3777 1556 3855 proferto,

262 3886 349 3958 atque
372 3881 466 3939 omnis
489 3878 685 3940 eradicabitur
708 3878 847 3958 plantatio
870 3881 946 3949 bec,
976 3882 1044 3958 quia
1066 3898 1124 3938 non
1140 3876 1279 3956 plantavit
1293 3895 1358 3937 eam
1374 3884 1462 3954 pater
1477 3879 1554 3943 deus,

260 3981 312 4041 sed
336 3981 486 4042 insidiator
509 3980 656 4049 diabolus,
687 3982 736 4060 qui
759 3981 879 4041 turbare
903 3981 1010 4042 Christi
1031 3963 1184 4041 eeclesiam
1207 3998 1274 4040 cum
1297 3997 1359 4039 nou
1382 3986 1484 4058 posset
1505 3978 1584 4038 ali-a

261 4091 320 4150 ter,
352 4083 407 4143 bac
430 4085 472 4143 ria
495 4084 653 4161 adgressus
676 4091 736 4152 est,
765 4089 794 4144 et
816 4083 933 4143 inducta
957 4082 1122 4142 diversitate
1145 4087 1269 4140 conatus
1297 4089 1342 4141 est
1371 4079 1506 4158 disperso
1527 4081 1554 4138 iu

260 4191 353 4244 sectas
376 4203 465 4265 grege
488 4185 650 4247 desolatum
672 4184 791 4244 tandem
814 4185 938 4244 reddere
961 4184 1067 4244 Cbristi
1090 4181 1173 4243 ovile.

322 4305 522 4348 rnauomcrs.
560 4288 645 4347 Nunc
673 4286 791 4346 demum
820 4286 926 4363 incipio
955 4302 1134 4361 cognoscere
1162 4284 1281 4342 minime
1309 4282 1468 4363 terendum
1491 4301 1551 4343 esso

258 4379 533 4462 {lifffffflg'ffiff'l
556 4387 613 4448 hoc
634 4387 787 4448 bominum
811 4406 920 4464 genus:
949 4405 1016 4445 nani
1046 4387 1105 4445 sire
1128 4385 1197 4445 boni
1220 4391 1303 4453 sunt,
1328 4403 1387 4445 non
1406 4404 1487 4464 ,opus
1509 4390 1550 4444 est

268 4517 326 4526 ω...-
333 4522 392 4527 -..,

324 4585 398 4635 ³cun
412 4592 435 4636 1.
470 4588 583 4653 'plaebo
597 4594 620 4639 1.
657 4590 678 4622 ¹⁶
696 4587 785 4653 Paul]
805 4588 848 4639 Cl.
862 4590 885 4638 l.
900 4588 1022 4638 Corinth.
1036 4589 1058 4638 l.
1075 4587 1113 4639 13.
1148 4585 1170 4619 ⁸³
1189 4581 1337 4636 Ominibus
1356 4592 1379 4636 1.
1416 4584 1545 4636 ³³blattb.

257 4668 316 4719 XV.
332 4668 371 4720 13.
391 4672 506 4735 „Omnis
518 4672 655 4738 plantatio
669 4689 751 4738 quarn
762 4688 816 4722 non
829 4672 969 4738 plantavit
985 4676 1067 4736 puter
1082 4686 1159 4721 meua
1173 4671 1322 4733 celestis,
1334 4670 1543 4721 eradicabitnr”.
