3270 5430
247 361 294 432 60
545 363 595 413 ΙΙΙ.
666 372 804 409 uisurus
825 372 848 408 s.
868 371 949 407 urst.
986 371 1136 423 nrtupovs.
1155 355 1239 420 (nu.)

309 558 473 604 nrsmuvs.
512 530 589 593 Nihil
612 530 723 596 minus,
747 527 798 588 sed
821 545 873 587 sua
896 532 964 586 sunt
987 532 1015 586 et
1037 525 1093 586 illis
1115 530 1197 596 vitia,
1221 546 1287 606 qnae
1309 529 1382 589 nihil
1403 530 1441 588 ad
1462 528 1541 589 huuc

245 647 352 707 locum.
391 623 511 719 egentes
533 653 603 694 vero
625 629 762 689 omnibns
784 645 902 706 semper
923 629 998 687 vitiis
1019 628 1138 689 obnoxii
1152 637 1235 698 sunt,
1259 648 1326 689 nam
1342 631 1401 690 cito
1417 648 1539 690 munera

247 747 408 825 accipiunt,
432 742 490 802 cito
512 755 565 814 spe
587 732 661 793 lucri
683 730 769 790 fidem
793 731 932 807 lrarrgnnt
954 738 984 789 et
1005 729 1111 789 adduci
1134 730 1217 792 lacilo
1240 738 1380 809 possunt,
1404 740 1438 792 ut
1460 751 1540 791 com·

246 851 333 910 missa
356 845 411 905 sibi
434 847 547 902 secreta
571 835 703 898 ellutiant
725 838 754 891 et
776 851 808 891 ea
832 848 897 909 qnae
920 833 948 890 in
972 829 1100 891 consiliis
1122 833 1228 909 agitata
1251 840 1320 892 snnt
1343 833 1485 910 prodant,
1510 840 1542 892 nt

246 950 375 1027 iniquam
398 940 523 1022 principi
547 953 664 997 causam
685 932 909 995 commendent·
933 932 978 991 bis
1000 933 1245 1007 intercessoribus
1272 936 1296 993 si
1319 936 1385 1012 quis
1412 952 1560 1011 sospes

247 1051 331 1110 cunia
354 1043 544 1124 preceperit,
576 1036 673 1097 omnia
705 1035 776 1093 citra
805 1034 953 1110 negotium
976 1052 992 1092 a
1016 1034 1197 1111 principibus
1227 1035 1404 1112 impetrabit
1453 1018 1542 1112 atque

249 1151 303 1211 hos
325 1146 487 1226 pracsertim
511 1137 695 1200 observant
690 1138 708 1196 ri
731 1138 780 1214 qui
803 1134 921 1195 illorum
943 1134 1072 1196 favorem
1096 1144 1252 1204 r,enantur
1282 1155 1340 1196 non
1370 1136 1541 1214 impruden·

249 1253 306 1311 tins
328 1266 416 1327 quam
439 1245 488 1324 qni
510 1241 651 1321 oppidum
674 1238 869 1315 expugnaturi
891 1255 924 1296 ea
948 1246 1031 1312 parte
1053 1254 1110 1313 q-na
1134 1238 1278 1297 munitum
1304 1239 1401 1298 minus
1423 1247 1469 1297 est
1490 1255 1541 1313 ag·

179 1351 434 1429 congrediuntur.
479 1345 537 1405 Sed
560 1344 617 1402 iam
639 1341 677 1400 de
699 1340 744 1400 his
766 1337 835 1397 satis
853 1337 968 1397 dictum
991 1356 1056 1415 qrrre
1078 1337 1175 1398 aulam
1201 1339 1335 1407 turbant,
1365 1359 1431 1417 qnae
1460 1347 1542 1400 recto

248 1453 341 1512 ventis
363 1447 612 1525 comparavimus:
636 1460 703 1501 nam
726 1447 759 1500 nt
781 1440 810 1499 hi
833 1440 932 1517 quieto
955 1441 1028 1499 mari
1051 1440 1156 1501 llnctns
1172 1442 1332 1508 concitant,
1356 1442 1394 1500 ita
1410 1439 1452 1500 illi
1467 1459 1542 1519 qnos
1553 1458 1574 1496 n

248 1551 409 1613 memoravi
430 1549 516 1608 ssatus
537 1547 627 1607 miras
649 1541 722 1604 ane
753 1547 939 1617 tempestates
969 1541 1122 1609 irrvelnmt,
1157 1549 1188 1601 ut
1216 1542 1272 1601 iam
1300 1559 1388 1601 nosse
1416 1543 1542 1601 videaris

247 1654 326 1715 unde
349 1653 395 1712 hae
416 1653 474 1710 sint
495 1650 524 1707 in
547 1646 613 1708 aula
635 1643 867 1723 inquietudines,
893 1642 921 1701 lri
943 1642 1094 1702 tunnrltns
1140 1645 1254 1703 Verum
1276 1661 1335 1721 quo
1355 1643 1475 1703 tandem
1491 1643 1540 1703 diu

248 1754 431 1831 multumque
453 1753 588 1811 iactatam
612 1747 707 1808 navim
729 1752 860 1805 nostram
883 1743 1033 1821 impellant
1055 1746 1165 1822 accipe.

312 1873 438 1917 onsrvs.
477 1851 585 1912 Audire
607 1848 709 1925 gestio.

180 1972 239 2022 tir.
312 1974 475 2018 msavcvs.
513 1950 675 2031 Aliquando
698 1951 727 2009 in
750 1948 909 2026 perniciem
931 1948 1043 2013 statim,
1072 1953 1105 2006 ut
1132 1949 1155 2006 si
1179 1949 1245 2025 quis
1267 1948 1424 2024 cupiditate
1447 1964 1574 2009 exose-n

249 2067 332 2120 catus
354 2064 404 2119 ant
426 2062 554 2132 egestate
577 2059 696 2112 coactns
717 2068 781 2109 rem
804 2051 964 2109 committat
987 2046 1130 2124 supplicio
1153 2049 1341 2125 expiandam,
1364 2055 1416 2109 aut
1436 2051 1462 2109 si
1485 2049 1543 2111 huc

248 2180 315 2222 enm
338 2156 520 2220 consuetudo
543 2173 630 2233 qrram
653 2171 720 2214 cnm
743 2150 827 2211 malis
848 2150 951 2210 habuit
973 2149 1135 2218 abstrahat,
1158 2147 1314 2227 aliquando
1336 2150 1372 2209 ad
1393 2150 1542 2264 infamiam

249 2263 293 2322 his
316 2260 424 2320 eisdem
447 2255 612 2334 spiritiuum,
636 2264 686 2314 aut
707 2271 761 2330 per
783 2251 972 2311 ambitionem
996 2259 1024 2310 et
1046 2250 1156 2310 luxum.

313 2380 438 2422 casrvs.
478 2358 543 2426 Ono
571 2354 610 2414 illi
640 2361 711 2432 pum
741 2353 875 2414 recidunt
906 2353 956 2430 qni
978 2360 1028 2415 aut
1049 2352 1078 2411 in
1102 2353 1181 2411 lurto
1203 2352 1380 2429 deprehensi
1402 2359 1472 2413 sunt
1494 2361 1544 2413 aut

251 2481 325 2542 qnos
346 2461 473 2521 innotuit
501 2456 637 2518 nrercede
666 2455 752 2516 tidem
783 2455 980 2532 prostituissc;
1014 2460 1065 2514 ant
1094 2472 1162 2513 cero
1184 2456 1238 2530 qm
1256 2453 1424 2513 ambitionis
1446 2453 1577 2512 studioso

251 2563 376 2641 principi
399 2561 498 2622 lucum
522 2559 670 2626 lecerunt,
693 2563 743 2617 aut
764 2558 814 2634 qni
837 2574 889 2633 per
913 2557 1011 2616 vinum
1033 2554 1076 2614 rel
1091 2573 1222 2615 amorem
1238 2555 1333 2632 turpia
1349 2555 1542 2615 admiserunt

181 2675 241 2724 §.tn
315 2681 459 2723 ursanus.
498 2658 596 2732 Qualis
619 2658 667 2719 ille
690 2659 736 2718 lri'c
759 2676 854 2735 nuper
876 2657 1014 2717 ‹leooetor
1037 2656 1098 2716 fisci
1128 2657 1296 2733 prmlectns,
1326 2675 1342 2716 a
1371 2675 1431 2734 quo
1462 2660 1544 2734 prin·

250 2784 320 2843 ceps
342 2766 484 2824 rationem
508 2761 610 2822 audire
632 2779 699 2821 cunr
723 2759 821 2827 vellet,
845 2757 988 2819 intellexit
1009 2775 1069 2817 uno
1091 2775 1168 2817 anno
1191 2757 1338 2818 subducta
1358 2757 1471 2837 aliquot
1492 2777 1544 2818 au·

249 2885 368 2928 reorum
392 2863 478 2925 milia.

314 2987 441 3031 casrvs.
480 2966 515 3026 Et
538 2967 587 3044 qrri
606 2973 694 3043 pacta
717 2981 783 3023 cum
807 2961 924 3022 Venetis
947 2963 1070 3038 pecnnia
1093 2960 1164 3021 nihil
1186 2961 1256 3022 uh'le
1278 2961 1384 3022 Caesari
1407 2964 1508 3022 suasit.
1552 2982 1578 3021 ss

312 3089 475 3131 ursavcvs.
513 3068 549 3128 Et
571 3068 703 3129 eiusdem
725 3062 845 3140 consilia
868 3061 957 3122 Gallis
980 3064 1029 3140 qm
1052 3063 1195 3140 prodidit,
1222 3063 1359 3124 mercede
1382 3064 1545 3135 admodum

248 3171 460 3333 graffiono.
457 3270 513 3330 Et
534 3268 605 3329 illud
630 3268 707 3347 apud
730 3267 810 3327 hunc
832 3265 995 3327 scribarum
1020 3265 1136 3344 vulgus,
1171 3267 1250 3345 quod
1280 3265 1352 3326 nihil
1381 3286 1439 3327 non
1465 3268 1544 3336 lacit,

248 3375 282 3433 si
295 3371 410 3432 lucrum
432 3370 515 3430 adsit.

313 3492 477 3533 ursmnvs.
517 3471 682 3530 litiatores
702 3471 868 3547 principum
891 3470 941 3548 qui
964 3425 1125 3544 venditant,
1148 3473 1323 3531 honoreac!
1311 3475 1403 3548 lipsi
1422 3469 1451 3531 el
1472 3490 1543 3532 ma·
1553 3489 1579 3530 so

246 3575 389 3650 pistrinus
410 3584 517 3632 emunt.

270 3694 439 3703 ————

319 3740 470 3789 ¹.SedH.
506 3736 854 3805 ¹l1gestosi.inmcrp.5.
890 3757 955 3791 vero
973 3742 1083 3790 aduri.
1122 3741 1210 3791 .Nem
1230 3742 1324 3801 (orniss.
1338 3743 1411 3805 edd.)
1429 3744 1491 3791 add.
1506 3744 1544 3791 H.

249 3825 420 3875 ³ctadd.H.
457 3822 1157 3876 ¹secr.sihicomrn.edd.oomissasilrisocroth.
1195 3831 1223 3875 et
1235 3828 1270 3875 H.
1283 3843 1332 3890 pro
1345 3828 1443 3875 utedd.
1480 3825 1544 3875 ⁵in-

250 3896 483 3972 nurembeorrdl.
521 3910 712 3960 comendoutd.
749 3911 1100 3975 ‘negocinmhudthetc
1137 3912 1260 3976 principe
1273 3911 1453 3960 edd.corr.H.
1491 3910 1544 3959 ¹hi

249 3996 308 4044 edat.
329 3995 349 4043 ii
369 3995 403 4043 H.
458 3993 565 4044 illorum
581 3996 614 4044 H.
634 3997 860 4060 principumedrl.
907 3995 1026 4056 ⁹.Quae
1039 3997 1076 4044 H.
1124 3994 1252 4045 ¹⁰.Nam
1270 3995 1347 4044 uthi
1366 3996 1402 4045 H.
1449 3995 1544 4058 ‚qnod

250 4083 280 4127 ut
298 4077 339 4127 illi
358 4080 415 4127 edd.
435 4078 476 4127 illi
492 4080 526 4127 ΙΙ.
540 4080 568 4128 1ιί
581 4083 639 4131 edd.
692 4079 711 4112 ¹¹
732 4082 791 4129 llali
811 4084 854 4130 13.
908 4079 928 4112 ¹⁵
947 4081 1094 4144 pernitiem
1113 4083 1138 4128 2.
1193 4079 1342 4143 ¹¹.Aliqu.
1356 4080 1393 4128 H.
1430 4078 1483 4111 ¹¹³⁰
1495 4085 1545 4128 aut

250 4179 317 4227 qrros
336 4163 456 4212 innotuit
475 4180 508 4213 m.
524 4164 542 4215 f.
557 4165 730 4230 prostituisse
748 4167 784 4214 H.
805 4171 854 4213 eut
872 4180 906 4212 m.
921 4165 940 4213 f.
954 4166 1165 4229 prostituerunt.
1184 4166 1244 4214 edd.
1307 4161 1330 4194 ²¹
1348 4164 1394 4213 hic
1412 4168 1483 4214 emh.
1497 4169 1541 4214 13.

250 4247 434 4310 (llopuntiaell
486 4248 616 4298 decoctor
634 4251 693 4303 adil.
708 4251 743 4298 H.
797 4248 818 4279 ²¹
837 4249 973 4298 subducta
987 4250 1022 4298 H.
1041 4250 1165 4299 dococta>
1176 4249 1235 4297 edd.
1300 4246 1322 4279 ²⁴
1340 4248 1430 4298 millia
1449 4252 1543 4300 tnta.

249 4330 272 4362 ²¹
290 4332 405 4380 Venetis
418 4333 454 4381 H.
474 4332 600 4383 hostibus
618 4335 676 4385 edd.
729 4331 751 4364 ²⁶
770 4335 863 4383 Locum
883 4348 938 4382 urs.
958 4334 995 4382 Et
1013 4334 1136 4382 eiusdem
1189 4330 1295 4397 vendi-[
1311 4338 1445 4398 sequentia
1455 4334 1542 4383 biblio-

247 4419 310 4480 pepi
325 4419 406 4465 culter
424 4433 459 4465 es*
476 4419 599 4480 inferiore
616 4420 729 4481 rrrarpine
747 4415 864 4482 abscidit]
884 4419 1021 4482 adscripsit
1040 4419 1075 4467 H.
1092 4435 1142 4482 pro
1160 4421 1218 4468 edd.
1256 4432 1312 4466 urs.
1336 4419 1373 4467 Et
1398 4418 1478 4467 mnlti
1496 4418 1544 4482 qui

251 4500 431 4562 magistratus
451 4508 558 4564 emunt,
584 4507 612 4551 et
630 4502 747 4552 honores
765 4506 931 4552 mercentur.
972 4501 1018 4552 Em
1041 4503 1079 4551 liis
1103 4519 1160 4567 quw
1182 4504 1275 4566 infelice
1297 4507 1379 4553 culter
1401 4505 1541 4563 devoravit,

251 4586 359 4635 restitui.
402 4585 987 4651 Locusm11.adalnussiceaeuapmtra.
1011 4587 1273 4637 verrdunt---·
1342 4586 1364 4619 ¹⁸
1382 4587 1455 4637 hunc
1473 4589 1541 4636 omia.

252 4671 295 4716 13.
316 4667 453 4737 Caeserem
473 4668 692 4718 blaximilinuurn
710 4669 863 4734 significari
883 4677 957 4734 puto.
