3210 5416
334 389 561 458 [rrnennsrsrrrar]
597 403 696 441 acerva
715 402 887 454 aanonnrrs.
920 389 1009 455 (tato.)
1244 374 1317 446 537

93 567 254 622 Auditor.
290 566 344 622 Nee
365 565 549 626 butheranus,
579 581 667 638 neque
689 564 833 626 Caelanus,
864 564 911 620 sed
933 563 1102 619 lirrrstianus
1125 579 1200 621 sum:
1230 563 1319 620 minus

32 668 93 706 vero
117 650 226 707 silentio
249 650 312 724 quid
334 651 445 723 dignum
467 649 594 722 detegere
616 640 715 711 conor,
748 665 810 704 narn
831 649 952 710 veritas:
978 648 1030 704 etsi
1058 648 1090 703 ad
1119 655 1226 725 ternpus
1255 665 1319 722 sup·

32 735 124 809 primi,
150 736 266 810 opprimi
289 738 379 790 tamen
400 734 509 807 nequit,
531 734 580 788 sed
602 750 652 806 per
674 750 703 788 sc
727 733 811 806 ipsam
836 734 942 789 tandem
964 731 1101 788 clucescit.

92 817 225 877 Eeeius.
262 818 483 893 sterquilinium,
512 826 555 880 tu,
576 835 639 874 cum
661 816 750 873 literis
772 810 881 880 careas,
909 826 935 873 te
964 825 1040 872 tanto
1063 815 1204 890 ‘lheologo
1233 832 1319 891 oppo-

32 921 93 959 rcre
116 899 215 960 audes?
779 926 783 933 ·
1380 964 1388 973 .

91 989 248 1045 Auditor.
285 987 341 1044 Etsi
365 988 502 1049 electrina,
527 1004 581 1043 nnn
605 995 693 1043 tamen
716 986 767 1042 lide
786 1003 881 1048 careo,
905 1001 1048 1060 saepeque,
1067 995 1102 1042 ut
1125 986 1151 1041 in
1172 985 1318 1059 proverbio

32 1080 82 1134 rst,
107 1074 148 1128 vir
170 1073 331 1129 hortulanus
352 1089 460 1165 quoque
483 1054 562 1127 valde
582 1075 716 1164 oportuna
739 1070 848 1127 loeutus
865 1077 921 1127 mest

91 1157 295 1232 Chirurgus.
329 1143 417 1211 'Atti
438 1147 594 1211 παύσασθε
618 1147 713 1229 μάχης
733 1149 783 1209 καὶ
803 1150 966 1231 λοιδορίςα,
990 1163 1036 1210 aut
1059 1155 1110 1211 iam
1132 1154 1214 1218 abeo,
1227 1155 1385 1212 haudlnot.

32 1240 97 1296 nim
121 1251 152 1297 ut
173 1260 259 1316 nugas
281 1249 384 1298 vestras
407 1242 542 1303 audirem,
565 1241 612 1296 sed
635 1249 665 1295 ut
687 1241 811 1296 morbum
834 1257 970 1302 curarem,
993 1248 1104 1296 vocatus
1126 1256 1195 1295 sum.

93 1325 223 1382 Eccius.
260 1325 324 1382 Vale
346 1326 443 1399 igilur,
466 1333 545 1399 pater
567 1333 666 1380 sancte.

91 1411 254 1467 Auditor.
290 1410 416 1483 Nunqnid
440 1409 676 1465 absolutionema
711 1409 778 1483 pis?

92 1494 227 1552 Eccius.
264 1494 462 1569 Nilopusest,
487 1426 1093 1568 nampumsffietlibemutorarbtnto,
1118 1493 1317 1548 itautinmea

32 1578 64 1633 rit
79 1588 233 1652 potestate,
257 1580 325 1635 bene
342 1585 369 1634 et
385 1579 454 1634 male
470 1595 566 1652 agere,
590 1577 837 1644 aeeumvoluero,
861 1594 903 1632 me
924 1578 1012 1651 ipsunt
1033 1577 1174 1634 absolvere
1196 1595 1316 1651 possum.

66 1664 252 1720 Auditor.
288 1661 959 1737 lgtturettuquoque,ntd1gnuses,tale.

93 1748 312 1821 Chirurgus.
315 1747 449 1803 Ehodum
472 1748 579 1809 adeste,
602 1744 687 1806 Amici
698 1745 818 1808 Eceiani,
842 1754 872 1802 ut
893 1745 1327 1862 ιιιιΙιιιιιοιΙῑιίιιιιιοιιιιιιςιιι
1312 1757 1385 1806 uros.

93 1832 210 1889 Amici.
249 1833 280 1887 Et
303 1831 402 1906 quibus
425 1848 495 1905 opus
517 1840 559 1887 est
581 1831 798 1896 medicamentis?

92 1918 299 1989 Chirurgus.
338 1916 497 1972 llominibus
520 1924 639 1990 septem,
663 1915 770 1977 validis,
795 1914 924 1972 robustis.

93 2001 210 2057 Amici.
249 2001 282 2057 Ut
305 2001 397 2062 illuur,
420 2000 483 2055 dum
506 2009 629 2062 secatur,
653 2001 780 2056 teneant?

92 2085 297 2158 Chirurgus.
335 2085 432 2141 Scietis
454 2092 563 2159 postea:
588 2092 643 2140 tum
667 2085 753 2140 lustes
775 2084 924 2140 afferantur
944 2092 1062 2160 septem,
1085 2084 1208 2142 frondosi
1224 2102 1317 2141 omnes

32 2178 54 2225 rt
78 2170 168 2226 solidi

94 2255 209 2310 Amici.
243 2238 319 2330 'Epa’
341 2245 370 2321 ἐς
396 2243 535 2323 κόρακας.

93 2333 307 2412 Chirurgus.¹
333 2339 371 2394 lta
393 2354 503 2393 necesse
526 2346 581 2400 est,
610 2349 670 2393 na'm
694 2354 822 2394 numerus
845 2338 891 2394 ille
914 2339 1056 2412 mysticum
1079 2339 1147 2412 quid
1166 2340 1296 2395 continet.

94 2422 227 2478 lisoius.
264 2423 357 2479 Nonne
381 2423 465 2495 Igitur
486 2422 683 2496 Pythagoricus
706 2422 751 2478 ille
774 2423 965 2495 quaternarius
988 2423 1103 2479 melior?

95 2508 297 2580 Chirurgus.
335 2507 510 2581 septenarius
533 2507 582 2563 tibi
604 2506 815 2563 convenientior.
847 2534 852 2543 ·

96 2592 214 2648 Amici.
252 2590 305 2654 Ει,
328 2601 358 2647 ut
381 2591 498 2653 iussisti,
522 2592 620 2647 adsunt
643 2581 777 2647 fustuarii.

94 2677 303 2750 Chirurgus.
339 2676 416 2732 llunc
439 2676 537 2748 igitur,
561 2677 683 2737 iuvenes,
706 2676 771 2731 mihi
795 2675 924 2732 lustibns
934 2675 1072 2738 dedolata,
1095 2694 1156 2732 nam
1177 2688 1385 2743 eunoun-ntor.

32 2763 111 2838 lique
133 2760 282 2833 angulosus
304 2760 340 2816 sit
362 2769 390 2816 et
413 2759 571 2833 inaequalis,
595 2768 658 2815 ante
680 2760 768 2816 urnnia
791 2760 1002 2853 complanandus
1024 2761 1085 2816 erit.

95 2845 226 2901 Eccius.
262 2845 334 2908 lieu,
356 2845 423 2906 lieu,
447 2844 526 2918 plane
542 2845 624 2918 pernl
648 2845 749 2900 utinam
766 2843 861 2900 saltem
878 2860 1036 2916 ομωνυμος
1050 2843 1096 2899 rlle
1112 2862 1188 2900 meus
1203 2845 1318 2907 arlcsset

32 2939 61 2987 ut
84 2929 178 2986 eodem
201 2928 301 3003 poculo
324 2946 378 3003 quo
401 2945 453 3002 ego
476 2929 540 2985 bibo
563 2929 676 2984 biberet.

96 3014 214 3070 Amici.
252 3008 409 3070 Scabiosum
434 3012 508 3069 illum
531 3013 613 3076 dicis,
638 3012 780 3068 nobilitate
803 3013 863 3083 ficta
886 3010 1087 3087 superbientem
1110 3013 1179 3071 ΙιιιιιΙ
1195 3030 1273 3069 scens
1289 3032 1319 3071 ac

32 3110 60 3156 tu
83 3096 247 3154 ttauonicatu
271 3097 348 3153 illo
341 3098 515 3170 imaginario,
539 3084 590 3153 τὸν
611 3087 730 3169 φθόνον
749 3084 858 3153 absos?

94 3182 226 3240 Eccius.
260 3167 442 3237 Ἀυτόταιον
481 3182 532 3237 Sed
555 3182 739 3255 nunquidnam
762 3183 828 3238 satis
849 3180 991 3238 dedolatus
1014 3182 1090 3236 sum?
1206 3241 1208 3244 Α
1318 3204 1387 3253 qim,

95 3267 298 3338 Chirurgus.
336 3266 426 3340 Aliqui
449 3267 536 3323 adhue
559 3265 738 3341 protuberent
760 3266 867 3340 anguli,
891 3282 959 3360 quos
982 3265 1147 3340 complanari
1170 3285 1252 3341 posse
1274 3287 1319 3324 su·

32 3353 138 3428 spicer,
162 3351 184 3405 si
207 3349 302 3407 solum*
318 3352 405 3407 adhuc
426 3351 521 3424 viginti
545 3351 665 3425 quinque
688 3352 786 3408 vinnm
809 3350 945 3425 acceperis
966 3350 1086 3407 verbera.

32 3463 238 3477 —-.-..-..

97 3534 236 3598 ‘Saepeq
254 3530 314 3598 etc]
340 3532 410 3582 Gall.
424 3533 456 3582 N.
470 3533 501 3581 A.
516 3533 552 3581 Il.
565 3531 620 3595 (ht.
652 3533 750 3596 „Unde
768 3534 815 3584 hie
834 3534 1043 3599 antiquissimus
1061 3550 1156 3585 versus
1180 3537 1242 3586 vice
1261 3553 1321 3601 pro-

32 3619 121 3669 verbii
141 3617 299 3667 celebratus
318 3622 368 3666 est
380 3608 507 3667 Halieion
525 3614 574 3668 sal
592 3611 737 3684 κηπουρὸς
755 3607 829 3683 α’νὴρ
846 3611 924 3684 μάλα
942 3616 1057 3682 καίριον
1075 3612 1182 3670 εἷτεν”.
1203 3614 1245 3670 Cf.
1260 3636 1320 3670 ver·

32 3719 88 3753 sum
108 3718 189 3767 quern
209 3700 345 3764 Aeschylo
363 3696 525 3751 tribuebant
543 3702 621 3762 olim,
643 3703 715 3768 apud
733 3703 809 3752 Stob.
823 3704 902 3752 iloril.
921 3704 967 3753 IV.
980 3703 1034 3752 21⁸.
1065 3695 1192 3754 Hotls'ss
1210 3718 1253 3754 τοι
1272 3701 1322 3755 καὶ

32 3780 123 3851 osrede
142 3777 425 3856 α’νήρικαταιιαίιιιον
439 3778 528 3836 εἶπεν.
549 3792 578 3835 et
590 3787 645 3836 vid.
659 3786 783 3852 Apostol.
797 3788 870 3837 xtv.
884 3782 926 3837 69.
971 3788 982 3819 ⁸
1002 3788 1064 3837 ‘Sed
1077 3792 1185 3837 cessate
1200 3802 1216 3835 a
1228 3803 1322 3852 pugna

32 3880 56 3922 et
76 3863 381 3923 constestandam.
400 3861 553 3920 παύσασθε
572 3868 628 3919 sais
645 3864 871 3936 τερατευμάτων.
889 3869 1029 3937 Aristoph.
1045 3873 1108 3934 Lys.
1122 3862 1179 3919 ttrz.
1238 3870 1320 3935 lqde·

32 3956 95 4021 plac
114 3957 140 4004 4.
210 3952 232 3986 ¹³
249 3955 292 4003 De
310 3954 398 4004 libero
417 3955 532 4004 arbitrio
551 3955 623 4005 inter
642 3955 699 4005 alia
711 3956 928 4021 disceptaverat
947 3956 1051 4005 Echino
1075 3970 1135 4004 oum
1153 3955 1275 4004 Luthsro
1294 3960 1322 4006 et

32 4037 236 4091 Saralostadio.
268 4038 304 4088 ef.
318 4038 392 4104 Opp.
403 4038 485 4088 Irnth.
500 4037 543 4088 ed.
556 4039 619 4089 Hal.
634 4039 737 4089 Introd.
752 4039 787 4088 ad
805 4044 869 4089 tom.
883 4039 984 4088 XVIII.
999 4055 1024 4103 p.
1037 4038 1078 4088 54.
1092 4052 1150 4102 sqq.
1170 4053 1321 4088 annonara.

32 4124 100 4174 Vide
114 4122 230 4172 Lntberi
251 4138 312 4188 epp.
327 4122 370 4172 ed.
384 4123 416 4172 de
430 4123 532 4173 Wstte.
552 4125 573 4172 I.
593 4139 619 4172 n.
634 4139 715 4173 cnxx.
762 4121 784 4155 '¹
804 4120 865 4172 'Abi
884 4123 918 4172 ad
938 4125 1051 4172 corvos’.
1071 4124 1202 4171 eddim.
1220 4121 1263 4171 cf.
1277 4138 1320 4172 su-

32 4205 173 4268 traaas.
226 4205 250 4238 ¹⁰
267 4205 397 4272 Pythag.]
418 4207 460 4256 Cf.
475 4208 587 4258 Aristot.
602 4207 723 4272 metaph.
737 4208 758 4268 1,
773 4207 798 4256 5.
834 4205 857 4238 ²¹
875 4205 983 4255 ‘acket'.
1002 4204 1321 4270 eridiandodierdidtl.

32 4291 197 4358 Cxplicatur
214 4290 242 4340 b.
260 4290 278 4340 1.
293 4290 398 4356 dialogi
417 4292 572 4356 inscriptio.
608 4293 692 4340 Aliena
708 4289 898 4340 sensum‘dobet
916 4289 1067 4358 Mcnoecdmt
1083 4289 1125 4351 (V.
1139 4289 1163 4349 ’2,
1175 4288 1232 4352 ιιι.)
1255 4290 1321 4351 „de-

32 4376 131 4427 lolnbo
152 4374 296 4426 assulatim
314 4375 449 4424 vissera”.
501 4374 524 4408 ’θ
543 4376 740 4441 ‘cognominis'.
759 4375 818 4423 edd.
833 4376 848 4422 ι’.
862 4389 893 4421 m.
913 4372 977 4422 Siva
996 4372 1022 4421 b.
1035 4371 1051 4421 l.
1066 4373 1123 4421 Ioa.
1138 4372 1243 4423 Echius
1255 4375 1321 4424 Tra·

32 4458 150 4511 ricensis
169 4458 355 4508 cancellarius
374 4464 403 4508 et
419 4459 550 4509 officialia
574 4461 632 4509 sive
655 4458 810 4508 Banaricus
833 4456 1008 4506 consiliosius
1032 4463 1066 4506 ac
1089 4458 1215 4507 minister
1232 4459 1322 4509 Leon-

32 4544 134 4596 rardus
153 4543 189 4592 ab
202 4542 281 4609 Egelr
296 4543 487 4610 ιιίιςιίιίαιιιιιι,
506 4546 594 4607 nequa
609 4542 693 4592 facila
706 4556 795 4606 neque
808 4557 876 4606 opus
890 4546 933 4613 est
950 4540 1072 4590 delinire.
1092 4556 1241 4591 arnasano.
1272 4544 1323 4592 Est

32 4628 197 4680 bavaricus.
218 4611 255 4676 ef.
268 4628 379 4693 Disput.
395 4628 429 4677 ad
441 4630 464 4688 ἓ.
478 4627 520 4677 68.
534 4629 581 4677 cit.
611 4653 615 4662 ·
634 4624 657 4658 ⁸³
676 4626 822 4676 ‘Invidiam
841 4627 946 4691 ipsam'.
970 4627 1028 4675 edd.
1043 4630 1104 4675 ism.
1162 4623 1184 4656 ³³
1205 4626 1323 4691 ‘ipsimi

32 4715 122 4763 mam’.
142 4713 202 4762 edd.
216 4714 278 4761 tana
331 4709 353 4742 ⁸⁸
370 4710 487 4777 viritim]
509 4714 568 4762 Vult
585 4713 685 4763 virens
703 4711 786 4776 quina
805 4727 821 4761 a
839 4710 956 4777 singulis
973 4710 1042 4761 viris
1060 4726 1085 4760 a.
1099 4727 1124 4761 ι.
