3232 5422
257 396 292 444 X.
362 410 487 445 nostroe
507 394 682 446 rtrrcvuors.v
728 411 868 446 nranocrs
888 412 1073 448 avarsmcvs.
1094 396 1177 461 (1⁵2⁰.)
1287 384 1359 456 355

65 563 157 633 minis
178 562 267 624 llussi
289 565 437 625 interitum
459 572 579 625 strenue
607 563 685 624 ultus
713 565 766 624 sit?
795 566 825 624 in
853 565 899 625 bis
929 565 1065 626 omnibus
1094 559 1222 644 praedam
1246 579 1252 648 Ι
1277 586 1361 622 roam.

65 681 128 723 nou
152 665 315 742 quesierit,
344 683 399 725 nec
427 683 459 726 se
486 667 549 742 ipse
571 683 700 744 unquam
722 664 956 745 locupletaverit,
986 674 1132 728 ettamen
1157 670 1184 727 io
1208 669 1265 729 boc
1288 687 1362 728 nun-

66 783 159 843 quam
182 766 348 842 interrupto
371 765 514 826 felicitatis
543 784 631 827 cursu
660 786 701 826 ex·
725 785 840 827 summo
870 767 1056 846 popularium
1085 768 1258 849 desyderio,
1287 787 1362 848 quos

68 864 253 927 salutaribus
275 866 362 944 paulo
384 874 451 927 ante
474 874 598 928 mortem
627 868 876 930 admonitionibus
904 868 1027 937 erudiit,
1056 887 1160 947 supre·
1183 863 1190 933 Ι
1217 885 1361 922 timentes·

48 984 156 1027 smum
180 968 244 1027 ritae
265 967 343 1029 diem
365 950 485 1028 clausit?

135 1089 286 1130 nomana.
323 1069 386 1146 Ego
416 1087 485 1129 vero
513 1087 631 1147 semper
659 1069 755 1131 audivi
777 1071 866 1131 Ziscae
888 1090 937 1130 res
959 1079 1056 1147 gestas
1078 1072 1197 1132 sceleris
1219 1085 1226 1155 p
1251 1092 1364 1127 namn

69 1177 100 1230 et
121 1170 278 1247 impietatis
300 1188 364 1230 esse
385 1168 577 1248 plenissimas.
1258 1232 1260 1235 .

134 1290 337 1332 reaucrscvs.
374 1272 469 1349 btque
492 1289 548 1350 ego
569 1271 680 1341 audiri,
712 1272 763 1333 sed
791 1272 835 1333 vel
858 1273 894 1332 ab
917 1272 993 1333 illius
1021 1274 1161 1343 inimicis,
1191 1273 1238 1333 rel·
1263 1273 1299 1334 ab
1329 1275 1425 1333 iissre

70 1373 121 1451 qui
144 1371 296 1431 historiam
319 1391 378 1431 non
400 1380 480 1433 recte
502 1373 733 1442 noverant,>sed
757 1391 791 1433 ex
814 1392 934 1434 rumore
955 1373 1066 1450 vulgari
1088 1374 1291 1451 proterebant:
1317 1394 1363 1435 ve·

36 1486 62 1526 ιο
72 1490 141 1533 rum
158 1470 245 1550 quale
266 1473 364 1564 scelus
378 1481 423 1534 est
436 1475 542 1552 punire
556 1476 798 1535 nocentissimos?
821 1483 870 1535 aut.
891 1494 956 1553 quae
976 1476 1109 1552 impietas
1136 1476 1189 1535 ho·
1213 1472 1220 1542 Ι
1241 1473 1306 1558 ,ξ”ζξξθ
1319 1484 1364 1519 ¹¹³⁰·

71 1575 168 1633 mines
189 1572 349 1651 superbos,
378 1574 535 1645 crudeleis,
566 1594 683 1646 avaros,
711 1575 897 1645 libidinosos,
927 1576 1046 1656 inlidos,
1077 1578 1233 1637 ituentntis
1262 1595 1365 1637 corru-

71 1681 189 1752 ptores,
213 1673 311 1753 legum
333 1674 517 1752 publicarum
539 1694 744 1754 perversores,
768 1679 817 1755 qui
840 1676 949 1737 nemini
965 1678 1093 1754 prosint,
1117 1677 1215 1737 multis
1231 1686 1364 1748 noceant,

71 1793 140 1835 cum
163 1777 250 1835 tanhs
271 1777 388 1836 interim
404 1777 576 1839 criminibus
590 1777 825 1838 honestissimam
841 1779 1023 1856 praetendant
1040 1777 1273 1858 appellationem,
1297 1797 1365 1855 spo·

72 1874 145 1937 liare
168 1876 258 1938 rebus
281 1866 359 1955 quas
375 1896 435 1937 non
457 1886 553 1949 recte,
577 1879 730 1957 egentibus
752 1880 869 1939 interim
891 1879 977 1939 bonis
999 1887 1028 1939 et
1043 1880 1120 1956 frugi
1137 1879 1257 1948 civibus,
1281 1878 1366 1940 otiosi

40 1989 108 2036 isac
138 1978 249 2038 inertes
275 1978 331 2055 ipsi
358 1979 542 2056 possideant,
569 1987 598 2041 et
626 1981 736 2059 patria,
765 1981 794 2040 in
822 1999 879 2058 qua
908 1980 946 2040 ob
975 1980 1190 2041 multitudinem
1218 1999 1364 2041 annonam

71 2086 209 2156 gravem,
234 2081 370 2157 exigeret

135 2199 288 2241 uonrroa.
326 2180 392 2240 ruit
413 2181 471 2241 hoo
493 2182 563 2242 utile
578 2183 711 2242 'Boiemis
733 2184 835 2259 putas?
1371 2184 1433 2234 §.2⁷-

133 2300 335 2343 rnascrscvs.
373 2279 521 2353 Quantum
544 2272 648 2343 eventu
670 2281 771 2360 postea
795 2283 901 2359 patuit,
925 2283 987 2342 luit.

135 2401 286 2444 mosmos.
325 2382 438 2443 Videris
469 2383 540 2444 velle
554 2431 555 2434 ,
568 2384 674 2443 imitari
695 2382 812 2444 ‘iactum
840 2382 932 2453 illius,
970 2385 995 2443 si
1023 2385 1117 2461 possis
1145 2384 1223 2454 bicl
1251 2403 1366 2441 annana..

37 2496 204 2562 ommno.
396 2477 404 2488 “
988 2541 993 2551 .

135 2605 342 2646 rnaucrscvs.
380 2586 445 2646 Non
461 2585 580 2672 omnino
592 2585 692 2655 nolim,
709 2586 852 2663 siquidem
868 2586 1051 2665 propositum
1067 2586 1123 2646 hoc
1139 2585 1194 2646 illis
1208 2590 1254 2656 sit,
1272 2605 1368 2666 neque

77 2703 182 2762 parcre
205 2688 323 2745 monitis
346 2698 442 2764 neque
465 2687 571 2747 cedere
594 2686 805 2763 obiurgationi:
829 2694 900 2747 tunc
923 2688 1000 2747 enim
1017 2688 1081 2764 cogi
1097 2706 1148 2748 eos
1164 2705 1285 2749 neeesse
1301 2691 1365 2749 erit.

140 2806 294 2848 uomroa.
333 2788 363 2848 Si
386 2795 415 2848 te
437 2788 671 2848 execrationibus
693 2806 764 2847 roro
773 2789 912 2848 Pontifex
935 2795 963 2847 et
985 2787 1055 2871 diris
1078 2788 1216 2865 impetat?

136 2908 339 2950 marcianus.
379 2887 456 2948 Nihil
479 2891 585 2964 egerit,
610 2891 667 2949 iam
689 2889 745 2949 boc
769 2897 871 2967 pectus
886 2888 975 2948 habet
991 2890 1067 2948 enim
1084 2907 1142 2966 quo
1158 2899 1252 2969 mir-⁴1
1275 2887 1367 2974 {533⁵

41 2990 173 3049 artatur
203 2997 306 3056 couno
333 2990 429 3050 inania
456 2989 617 3050 istiusmodi
644 2990 800 3051 terricula:
830 3009 886 3069 qua
918 2990 1022 3049 fiducia
1052 2988 1161 3050 absolvi
1189 3009 1204 3049 a
1228 2990 1367 3060 haume,

75 3107 139 3151 cum
163 3089 203 3150 ab
226 3092 288 3151 istis
310 3090 449 3159 damnor,
463 3100 554 3179 puto.
1224 3148 1230 3156 ,
1448 3161 1449 3165 ,

134 3212 290 3253 aromaca.
327 3191 405 3253 Nihil
434 3192 517 3254 dabis
540 3194 743 3254 consuetudini
761 3212 855 3262 uero,
881 3195 928 3252 cui
951 3190 1273 3270 penitusinoleverunt
1295 3193 1437 3253 istattas.

133 3313 340 3355 rnancrscvs.
378 3295 454 3366 Ouid
483 3295 584 3355 darem
614 3313 675 3354 non
703 3296 806 3355 bonae‘l
835 3313 871 3353 an
894 3292 999 3354 molam
1024 3293 1210 3353 consuetudi·
1233 3303 1240 3372 Ι
1263 3292 1367 3369 ξῃέξξυὲζῗ·

69 3407 141 3456 uem
166 3412 229 3455 non
251 3394 348 3455 decuit
370 3396 518 3456 immutari
539 3413 658 3473 semper
682 3403 710 3455 et
731 3395 852 3456 aboleri.

30 3495 60 3539 ³⁰
137 3516 294 3557 nostroe.
332 3496 426 3558 Etiam
456 3515 535 3557 nunc
562 3493 668 3557 decere
696 3497 839 3566 arbitror,
873 3495 924 3556 sod
953 3495 1028 3555 banc
1057 3496 1101 3555 isti
1132 3495 1237 3556 irratam
1267 3506 1369 3575 putant

59 3600 213 3665 minime;
237 3615 328 3676 quare
351 3597 449 3658 multis
472 3599 558 3658 etiam
581 3617 617 3658 ex
640 3598 800 3677 prophanis
822 3597 938 3678 placere
962 3597 1041 3657 vides
1056 3597 1140 3657 istam
1162 3599 1368 3679 episcoporum

56 3711 232 3778 pompam,
255 3700 325 3758 istos
346 3700 517 3776 magnificos
539 3706 712 3777 apparatus,
736 3701 850 3776 regium
872 3697 1069 3776 splendorem.
1206 3695 1213 3766 Ι
1236 3699 1367 3784 'illl-lm

132 3818 341 3863 rsancrscvs.
379 3799 487 3869 Video,
522 3807 551 3861 et
578 3818 695 3878 poenam
727 3802 920 3880 interpretor,
956 3800 1089 3878 qualiter
1111 3800 1266 3860 Cretenses
1298 3800 1367 3860 olim
1379 3806 1437 3855 §.tt-

51 3905 217 3967 adversos
239 3919 313 3980 quos
334 3903 459 3961 maxima
482 3902 667 3963 execratione
689 3904 730 3962 uti
755 3902 906 3970 volebant,
928 3902 962 3960 iis
984 3900 1140 3979 optabant,
1164 3896 1172 3964 Ι
1193 3898 1309 3973 ξξῆξςῗὲω
1323 3907 1368 3933 ⁶¹⁸·

1 3995 36 4040 ³⁶
53 4014 96 4067 ut
122 4001 208 4064 mala
231 3993 443 4063 consuetudine
465 4001 692 4063 delectarentur.
738 4002 832 4079 Quem
856 3986 989 4064 errorem
1012 4004 1078 4080 quia
1101 4001 1207 4060 misere
1229 4001 1298 4058 satis
1314 3999 1367 4059 lui·

51 4120 138 4168 mus
163 4104 328 4164 diutissime
350 4104 423 4172 iam,
452 4103 543 4165 credo
564 4104 717 4164 misertum
745 4105 862 4165 tandem
892 4103 1075 4163 credentium
1103 4101 1133 4159 in
1162 4105 1193 4159 se
1221 4099 1368 4159 Christum

49 4216 233 4283 extergere
255 4202 329 4265 velle
350 4222 431 4265 nunc
453 4204 489 4265 ab
512 4206 615 4265 animis
637 4205 821 4273 hominum,=
836 4212 864 4264 et
886 4223 920 4264 ex
945 4203 1058 4262 funesta
1082 4199 1188 4260 nebula
1210 4199 1368 4259 salutarem

48 4300 171 4372 lucem
194 4304 353 4365 inducere:
382 4305 411 4365 id
435 4305 514 4385 quod
536 4324 603 4366 mox
627 4307 773 4366 iacturum
797 4323 864 4365 eum
887 4309 965 4363 tanta
987 4304 1179 4380 inpromptu
1209 4300 1288 4360 initia
1317 4300 1368 4360 do·

138 4526 161 4560 ¹⁹
180 4526 293 4577 imitare
305 4525 365 4574 edd.
417 4521 440 4555 ⁸⁴
458 4521 614 4589 Cretenses]
635 4522 677 4573 Cf.
690 4523 783 4573 Valer.
796 4523 869 4572 Max.
884 4521 944 4572 v11.
957 4521 981 4582 2,
993 4529 1023 4570 ts.
1042 4518 1159 4581 „Cretes
1172 4532 1233 4567 cum
1247 4518 1367 4569 acerbis-

47 4615 140 4663 sima
154 4608 339 4660 execratione
352 4608 484 4658 adversm
502 4623 550 4658 eos
568 4612 635 4682 qnos
653 4607 831 4658 vehementer
848 4604 976 4667 oderunt,
995 4605 1037 4654 uti
1055 4603 1163 4665 volunt,
1183 4608 1210 4650 nt
1227 4607 1293 4651 mota
1310 4619 1368 4653 con·

45 4696 205 4747 ‘uetudine
223 4694 382 4743 delectentur
399 4697 497 4757 optent
510 4695 554 4742 ...”

1080 4771 1142 4833 23⁸
