3232 5422
412 867 690 943 MONITOR
731 870 967 946 PRIMVS.
1071 897 1073 900 ·

459 1023 641 1084 nitcocrs
670 1023 912 1085 urrrumcrs.

319 1239 571 1320 lnterloquutorcs
598 1252 767 1303 MONITOR
792 1254 820 1305 et
841 1255 1044 1304 LVTHuttVS.

99 1479 253 1520 nourron.
291 1461 354 1538 Ego
377 1481 424 1521 me
446 1462 482 1523 ab
506 1463 551 1523 his
574 1484 642 1523 reru
665 1464 811 1542 partibus,
842 1464 891 1523 uhi
910 1445 972 1523 nou
996 1467 1072 1524 eitra
1091 1465 1247 1525 discrimen
1272 1467 1331 1527 adi·
1347 1475 1392 1524 §.t

39 1577 84 1617 ur
108 1562 197 1619 etiam
221 1561 352 1632 infamia,
376 1582 410 1623 ac
433 1566 460 1624 in
484 1572 578 1625 tutum
602 1565 699 1644 aliquo
723 1585 769 1625 me
792 1565 877 1624 dabo.

101 1682 278 1725 evonenus.
315 1663 429 1733 Quibus
451 1685 466 1725 a
490 1666 636 1744 partibus,
661 1668 708 1727 dic
730 1669 803 1744 aget
827 1741 829 1744 y
1159 1662 1334 1732 lemannum.
1432 1710 1435 1715 ψ

100 1783 251 1824 uouiron.
289 1766 392 1827 dtuis
415 1770 505 1827 euim.'
1108 1774 1112 1781 ’

100 1885 274 1927 orrueuvs.
313 1868 432 1928 Ameis
454 1871 543 1929 rerot
577 1871 613 1930 tt
635 1890 650 1930 a
674 1889 721 1930 me
743 1869 911 1947 longissime
933 1869 1009 1930 absit
1032 1886 1149 1948 semper
1171 1870 1243 1939 hor,
1266 1888 1333 1947 par·

39 1972 81 2023 tes
104 1973 136 2024 ut
158 1968 262 2027 faciam
286 1970 315 2028 iu
339 1969 507 2030 hominibus
529 1978 558 2029 et
580 1970 726 2032 Christum
751 1971 885 2037 dividam.
1068 1970 1073 1976 “

104 2088 256 2130 uouiron.
295 2071 381 2148 Atqui
403 2079 502 2149 partes
524 2073 612 2142 flunt,
643 2090 750 2148 magno
778 2073 864 2132 etiam
887 2078 985 2133 motu:
1016 2089 1082 2133 nam
1106 2074 1156 2149 qui
1179 2072 1333 2132 docentem

39 2177 66 2227 te
95 2170 233 2240 audiunt,
269 2171 419 2235 Lutirerici
455 2181 610 2241 vocamur,
645 2174 751 2252 aliique
781 2182 938 2234 censentur
972 2172 1008 2232 ab
1038 2174 1072 2231 iis
1108 2175 1158 2252 qui
1187 2184 1194 2254 Ι
1231 2192 1334 2228 citima.

39 2270 208 2331 Pontificem
236 2272 400 2334 Romanum
430 2277 458 2335 in
488 2275 622 2335 ordinem
654 2283 750 2336 terum
778 2295 838 2335 non
868 2275 1021 2352 redigunt,
1055 2274 1106 2335 sed
1140 2293 1263 2351 reguum
1294 2274 1334 2335 itti

39 2373 218 2448 piermittunt.
503 2439 508 2448 ,

101 2496 274 2539 ιντιωηνε.
312 2478 375 2553 Ego
399 2496 467 2537 rero
490 2479 611 2538 minime
633 2496 748 2556 quero
780 2485 812 2537 ut
839 2476 883 2537 rei
906 2486 938 2536 tu
961 2478 1006 2537 rel
1028 2477 1102 2538 alius
1124 2480 1256 2557 quisquis
1277 2479 1332 2540 sub
1348 2486 1394 2535 tr.

39 2594 147 2635 nomen
177 2576 233 2637 hoc
261 2578 418 2648 concedat,
457 2581 515 2638 imo
543 2581 629 2639 etiam
659 2579 818 2657 deprecor;
852 2598 918 2638 nam
942 2579 1121 2638 Christianos
1144 2581 1241 2639 iacere
1264 2580 1334 2641 mihi

39 2677 221 2754 propositum
245 2689 296 2739 est.

98 2800 252 2841 iiomron.
290 2781 383 2840 Ame
406 2783 560 2860 impetras:
587 2800 654 2841 nam
678 2766 714 2843 ab
737 2781 793 2842 hoc
822 2782 869 2841 die
897 2782 1018 2840 missum
1048 2788 1076 2841 te
1104 2781 1222 2848 faciam,
1258 2799 1332 2841 uun·

39 2898 125 2957 quam
149 2882 272 2959 posthae
294 2884 463 2952 auditurus,
487 2902 582 2961 neque
604 2884 677 2943 mihi
700 2891 796 2943 tecum
821 2900 868 2942 res
891 2883 956 2941 erit.

101 3004 276 3044 evonenus,
308 2984 383 3054 Quid
407 2992 466 3044 tam
489 2993 610 3062 repento
633 2987 817 3051 immutatus,
842 2983 1030 3042 charissime?
1063 2981 1114 3040 sed
1136 2983 1264 3059 primum
1287 2981 1335 3042 die

39 3099 107 3159 age,
138 3103 205 3162 qiiae
227 3086 344 3145 intamia
368 3094 412 3145 est
434 3104 500 3146 cnm
525 3087 654 3146 Luthero
678 3086 860 3146 conflictari?
889 3090 917 3143 et
945 3085 975 3141 in
999 3082 1077 3161 quod
1095 3082 1259 3142 ¹discrimen
1282 3082 1333 3143 ab·

39 3185 134 3244 ducit?
648 3268 651 3272 ,
1111 3243 1118 3249 .

98 3306 250 3349 nostroe.
289 3288 442 3349 Haereseos
464 3290 583 3349 infamia
607 3295 665 3356 est,
690 3290 810 3367 eiusque
833 3294 916 3347 tetrae
938 3293 967 3345 et
981 3284 1174 3346 detestabilis:
1199 3287 1267 3345 tacit
1282 3304 1332 3346 au·
1348 3298 1393 3346 §.a

39 3397 93 3447 tein
118 3389 169 3465 qui
192 3398 220 3448 te
243 3398 422 3468 sequuntur,
445 3391 567 3450 infestos
589 3391 721 3450 Pontifici
743 3389 877 3450 Romano
899 3406 1018 3456 omnes,
1048 3406 1064 3445 a
1094 3404 1183 3474 quop
1225 3406 1258 3440 oo.
1284 3406 1335 3440 iaie

39 3488 201 3566 perieulum
225 3499 269 3550 est
291 3493 409 3568 ingens,
433 3509 470 3551 ne
493 3491 614 3551 fulmine
637 3491 828 3551 anathematis
850 3508 968 3551 omnem
991 3487 1083 3548 semel
1106 3487 1238 3548 solioum
1254 3496 1334 3549 tuam

39 3590 160 3667 dissipet
183 3599 212 3650 et
234 3596 428 3662 comminuam
452 3611 547 3671 neque
570 3612 629 3652 nim
654 3595 780 3652 minatur
804 3592 859 3651 troc
882 3590 929 3650 itte
953 3593 1025 3651 iam:
1055 3608 1147 3668 quare
1168 3591 1334 3651 desciscen-

39 3692 104 3750 dum
130 3691 234 3752 abste
257 3695 285 3752 in
309 3701 462 3772 tempore,
491 3695 566 3772 siqui
589 3692 746 3754 essesalri
770 3694 956 3753 voluerimus

99 3814 274 3855 inruunvs.
314 3796 372 3855 Sed
395 3795 444 3855 ubi
467 3797 509 3855 sic
532 3796 661 3856 iudicant
682 3795 835 3857 homines?

98 3915 251 3956 unumne.
290 3895 384 3973 Vulgo
406 3897 536 3957 iudicant
558 3898 762 3974 pertinaciter,
792 3895 869 3955 itlius
897 3897 1003 3972 partim
1028 3902 1106 3954 metu
1130 3911 1218 3972 quem
1241 3893 1333 3952 otten-

39 3997 105 4056 dere
129 4014 218 4054 nenio
240 4002 335 4056 tutum
359 3997 535 4066 arbitratur,
554 3999 664 4075 partim
687 4000 730 4058 tui
753 4000 841 4058 etiam
864 3998 956 4065 tedio,
980 3995 1057 4075 quod
1074 3997 1171 4054 miuus
1186 4012 1221 4052 ac
1236 3995 1334 4054 minus

39 4097 169 4157 arrident
191 4080 257 4174 qirae
279 4115 397 4166 mones,
432 4115 528 4176 neque
550 4099 607 4158 iam
631 4105 663 4158 ut
691 4100 847 4177 pauloante
875 4099 1022 4181 accipiunt
1052 4114 1085 4156 ea
1115 4095 1266 4161 homines3
1305 4093 1332 4153 id

39 4199 112 4276 iptud
136 4216 185 4257 me
208 4200 392 4274 potissimum
414 4198 467 4258 abs
489 4206 517 4257 te
540 4199 663 4267 dirimit,
698 4202 882 4260 immutatum
905 4198 995 4267 adeo,
1030 4204 1063 4256 ut
1091 4214 1145 4273 pro
1173 4195 1258 4271 nugis
1280 4193 1331 4253 tia-

39 4299 164 4360 bendum
192 4299 299 4359 ducam
328 4299 466 4378 quicquid
496 4308 540 4360 est
568 4301 646 4378 quod
674 4308 705 4360 tu
734 4319 807 4360 nove
836 4300 933 4359 doces.
972 4315 1059 4375 quem
1081 4313 1141 4356 nou
1169 4293 1330 4371 diffidi&
1346 4287 1390 4337 Μ·

39 4400 191 4463 immutent
206 4402 284 4461 enno
301 4419 366 4479 qum
378 4401 529 4478 praedicas,
546 4401 582 4461 ad
600 4409 714 4461 veteres
728 4400 791 4461 illas
806 4398 909 4459 sordes
924 4398 960 4458 ab
976 4398 1033 4457 hoc
1055 4395 1212 4475 splendore
1235 4396 1328 4456 recte·

98 4591 108 4619 ¹³
128 4589 172 4638 Cf.
188 4586 269 4636 Paul.
283 4603 326 4650 ep.
336 4547 361 4635 Ι.
376 4587 410 4635 nd
424 4586 487 4635 Cor.
502 4585 523 4636 1.
540 4585 577 4636 13.
620 4584 642 4618 ¹¹
653 4586 800 4636 ct.vot.11.
816 4583 889 4650 pso.
904 4585 926 4643 ξ.
935 4581 976 4633 33.
990 4589 1018 4631 et
1031 4582 1121 4647 pauo.
1129 4584 1153 4642 ξ.
1164 4580 1219 4630 173.
1234 4580 1331 4630 Multi·
1392 4594 1395 4598 ·

40 4674 117 4723 modis
131 4674 177 4723 liic
191 4672 314 4722 tinnitor
326 4672 468 4720 Erasmum
486 4672 610 4734 qiunuris
629 4670 721 4734 ponito
740 4671 932 4720 deformioruin
953 4668 1046 4717 refert.
1070 4706 1075 4718 .

58 4758 190 4810 Hrrrruu
211 4757 280 4806 Ore.
300 4771 364 4807 rou.
378 4755 444 4804 1111.
1068 4752 1108 4810 22
