3232 5422
332 381 379 430 XI.
449 395 610 430 raaenouss.
681 395 820 429 oranoors
840 396 1025 431 nrrranrcvs.
1046 381 1129 445 (tatu.)
1301 365 1374 436 399

84 568 149 611 men
171 548 328 611 mortalem
351 566 415 609 esse
436 548 600 617 hominem,
624 550 673 627 qui
696 557 852 627 cognatum
876 567 1009 610 errorem
1031 550 1152 619 babeat,
1175 569 1234 611 non
1257 559 1375 629 negent.

84 652 156 714 lllud
179 671 251 713 vero
276 657 307 710 ut
329 652 463 711 convenit
490 652 599 711 nostris
622 651 666 710 his
694 669 761 711 curn
791 650 1006 729 apostolorum,
1037 646 1193 733 quorum}
1222 650 1385 736 {gsssstssgggtgffi

83 753 193 814 similes
216 771 281 814 esse
303 751 426 830 debent,
449 753 596 820 instituto,
624 752 702 829 quod
727 753 850 830 quisue
875 750 952 813 ultro
980 752 1106 814 debeant
1134 753 1317 831 relinquere,
1347 755 1377 813 hi

83 854 177 915 aliena
199 861 341 932 appetunt
363 854 549 914 avarissime?
576 855 678 930 etqui
706 854 776 914 iussi
792 862 872 915 sunt
901 854 1012 915 mundo
1041 853 1150 914 bellurn
1173 853 1318 922 indicere,
1347 860 1377 914 et

62 963 260 1033 spostergare
283 973 399 1016 emnem
423 957 519 1015 carnis
540 953 733 1033 voluptatem,
762 954 792 1014 hi
814 965 846 1015 nt
875 955 1041 1032 longissime
1070 955 1223 1016 aChristo
1246 957 1316 1024 sint,
1346 957 1375 1015 in

86 1056 254 1119 carnalibus
282 1055 392 1117 delictis
419 1056 614 1134 perdegentes
641 1076 709 1117 cum
737 1058 848 1116 mundo
871 1063 973 1118 contra
996 1058 1130 1135 spiritum
1153 1054 1228 1116 bella
1250 1057 1385 1142 gerunt?-

84 1160 180 1230 Quam
202 1167 334 1220 sanctum
358 1159 518 1219 iudicarem
541 1159 644 1234 igitur,
673 1159 807 1235 quisquis
835 1159 957 1218 essetis
980 1159 1030 1235 qui
1053 1158 1222 1218 destitutum
1246 1166 1444 1237 pastoratum.

85 1260 191 1320 Christi
214 1259 287 1321 ovile
309 1279 364 1338 per
386 1261 514 1320 caritatis
536 1260 754 1338 suggestionem
778 1260 916 1336 pascendi
939 1260 1035 1320 studio
1058 1259 1223 1322 invaderet:
1251 1279 1319 1320 nam
1341 1259 1375 1321 il·

85 1360 144 1422 lum
173 1362 291 1423 demum
321 1362 466 1422 iacturum
495 1378 647 1438 sperarem
676 1361 755 1438 quod
784 1362 868 1422 iussit
896 1361 991 1421 bonus
1013 1368 1123 1439 pastor,
1152 1356 1375 1445 lffpssggtgfflf·

40 1470 118 1522 nont
139 1464 318 1523 ministraret
339 1462 417 1531 aliis,
440 1469 469 1521 et
491 1471 522 1522 nt
544 1461 652 1525 Paulus
674 1465 727 1532 ait,
757 1481 815 1522 non
838 1481 904 1542 quae
926 1481 994 1531 stra,
1022 1462 1073 1522 sed
1096 1480 1161 1539 qua:
1184 1461 1308 1522 aliorum
1331 1481 1376 1522 es·

86 1571 165 1632 sent,
194 1572 349 1641 quaereret.
393 1564 430 1623 ht
452 1566 498 1624 isti
520 1583 613 1633 utino,
642 1583 700 1625 non
724 1572 756 1625 ut
778 1563 929 1625 laboribus
951 1571 980 1623 et
1001 1562 1104 1640 vigiliis
1127 1581 1232 1623 consu·
1261 1563 1268 1647 Ι
1291 1562 1377 1638 ξ’,ξξῖνί

87 1662 144 1724 lant
166 1665 245 1743 plebi
268 1665 438 1731 Christiana
467 1674 496 1727 et
522 1666 718 1744 prorogandae
741 1666 847 1726 Christi
870 1666 936 1744 tldei
959 1683 1079 1742 operam
1108 1664 1192 1733 dent,
1221 1665 1377 1726 Pontifices

89 1766 173 1836 liunt,
196 1768 250 1827 scd
270 1775 303 1828 ut
326 1770 356 1828 in
377 1770 437 1828 otio
459 1775 488 1829 et
511 1766 656 1846 voluptate
679 1768 799 1845 degant,
823 1785 914 1844 regnu
936 1765 991 1826 sibi
1014 1773 1043 1826 et
1065 1767 1186 1842 imperia
1209 1765 1374 1828 subiiciunt.

88 1867 132 1928 ubi
155 1876 201 1929 ast
223 1871 300 1930 enim
322 1869 377 1930 alia
400 1870 551 1931 laominum
575 1877 669 1939 secta,
699 1887 765 1947 qnae
787 1868 962 1945 voltrptatem
986 1868 1086 1929 scitius
1108 1874 1213 1928 tractet
1235 1886 1270 1928 ac
1292 1868 1363 1929 deli·
1376 1881 1444 1931 §.aaa

49 1971 144 2030 'scias
167 1972 205 2030 ita
228 1969 284 2030 sibi
306 1978 461 2049 procuret,
485 1990 552 2032 curn
575 1971 647 2032 uadli
669 1972 762 2047 magis
784 1969 901 2030 labores
923 1976 952 2029 et
974 1969 1047 2029 dura
1070 1969 1167 2030 onmia
1190 1972 1376 2047 competant?

147 2091 326 2135 unacaron.
362 2073 513 2150 Nusquam
529 2080 587 2132 est:
612 2086 712 2134 verum
727 2072 764 2132 ad
780 2073 950 2133 Curtisanos
965 2070 1032 2149 quid
1051 2071 1112 2131 haec
1128 2072 1242 2131 omnia?
1257 2070 1376 2156 {caman

143 2194 322 2235 nvrruuvs.
358 2174 421 2233 lloc
444 2174 579 2242 demum,
603 2175 682 2252 qnod
703 2173 827 2233 Romani
842 2173 990 2233 Pontificis
1013 2172 1128 2250 negotia
1151 2181 1258 2250 gerunt
1280 2174 1324 2242 hi,
1348 2180 1377 2234 et

77 2276 219 2353 regnanti
234 2276 261 2333 ei
275 2275 353 2335 vires
367 2276 525 2343 subiciunt,
549 2294 645 2354 neque
662 2283 759 2336 tantus
775 2281 853 2337 esset
867 2272 931 2342 ille,
954 2275 979 2336 si
1001 2291 1060 2334 non
1082 2275 1154 2334 scite
1177 2274 1305 2335 officium
1321 2277 1376 2353 ipsi

70 2370 229 2437 lacerent:
260 2375 366 2435 horum
388 2374 522 2446 libidine,
552 2378 671 2437 avaritia
694 2384 723 2436 et
744 2375 902 2436 ambitione
925 2377 972 2444 ht,
1002 2384 1034 2436 ut
1055 2383 1160 2454 regnet
1181 2377 1375 2438 Antichristus

19 2471 234 2546 ²¹0l‘ontilex,
264 2476 294 2536 bi
315 2476 454 2538 satellites
475 2487 544 2561 seint
566 2477 692 2556 improbi
715 2478 839 2547 domini,
869 2487 897 2537 et
925 2479 1077 2556 impotenti
1105 2486 1229 2538 onerant
1251 2473 1258 2559 Ι
1285 2500 1375 2535 ratem

65 2590 133 2638 nos
157 2577 329 2657 tyrannide:
353 2580 408 2656 ipsi
430 2580 508 2639 enirn
530 2581 719 2641 instituerunt
741 2599 825 2647 eum,
849 2586 878 2640 et
900 2580 987 2641 veluti
1010 2581 1115 2657 impius
1137 2581 1166 2641 in
1182 2580 1299 2640 deserto
1315 2588 1443 2656 potita.

65 2680 171 2755 putus
194 2680 327 2739 coniecto
350 2680 379 2741 in
402 2682 501 2758 ignem
522 2699 595 2742 auro
618 2700 725 2742 troium
749 2681 837 2742 deum
861 2682 1027 2741 contlaruut
1048 2680 1119 2750 sibi,
1144 2682 1191 2742 cui
1206 2680 1273 2760 plns
1288 2697 1375 2759 quarn

64 2781 213 2842 divinum
237 2779 348 2840 cultum
372 2781 495 2851 faciant,
518 2785 565 2842 cui
588 2783 679 2843 lestos
701 2784 763 2843 dies
778 2791 865 2859 agant
881 2790 909 2842 et
924 2785 1055 2843 carmina
1072 2783 1184 2850 dicant,
1207 2800 1294 2861 quern
1311 2780 1376 2840 ubi-

62 2899 136 2962 que
168 2882 329 2960 praedicent
357 2890 386 2943 et
412 2883 448 2944 ab
478 2883 616 2945 omnibus
641 2892 785 2964 quotquot
812 2901 914 2945 sumus
936 2884 1107 2944 Christianis
1134 2883 1251 2943 adorari
1279 2881 1375 2942 velint.

5 2983 49 3030 ²⁵
66 2981 125 3045 his
150 2983 326 3044 authoribus
348 2985 393 3053 fit,
423 2992 455 3045 ut
476 3003 542 3063 quae
564 2987 691 3045 maiores
713 2987 805 3046 nostri
821 2987 936 3064 pietatis
958 2986 1055 3047 studio
1077 3005 1125 3045 ec·
1153 2983 1160 3064 Ι
1182 2982 1375 3066 ξξξξῖξῗξῃζῖῑὴ,

66 3085 179 3147 etesiis
202 3084 389 3146 contulerunt
411 3086 474 3155 bic,
506 3089 677 3164 sanguinem
707 3088 816 3148 scilicet
843 3108 877 3148 ac
906 3087 1045 3148 sudorem
1072 3104 1173 3155 suurn,
1201 3104 1234 3145 ea
1257 3087 1376 3164 pessimi

68 3195 165 3248 extra
189 3186 325 3248 homines
351 3187 380 3247 hr
409 3185 479 3248 luxu
502 3189 659 3267 prodigunt
682 3191 858 3267 turpissime.
904 3190 933 3251 hi
960 3189 1169 3267 impedimento
1191 3194 1258 3248 sunt
1280 3187 1445 3251 bonistnar.

70 3289 251 3368 quibusque
274 3296 304 3348 et
323 3289 418 3349 doctis
440 3291 468 3349 in
484 3291 640 3351 Germania
664 3291 846 3361 hominibus,
869 3311 928 3370 quo
951 3293 1047 3352 minus
1062 3290 1261 3368 provehantur
1277 3291 1306 3348 in
1329 3308 1376 3349 ec·

72 3390 187 3458 etesia,
215 3389 294 3468 quod
316 3390 381 3450 lieri
410 3391 526 3460 debuit:
555 3400 643 3470 atque
667 3394 703 3452 ita
728 3393 836 3453 taetram
859 3401 918 3462 est,
942 3401 974 3454 ut
996 3395 1045 3473 qui
1067 3395 1167 3453 vivunt
1189 3393 1196 3462 Ι
1217 3390 1375 3468 ξξ“ξ;ξ,ξ,ξξξ”·

19 3496 59 3539 ³²⁰
73 3492 329 3570 inquinatissima,
353 3492 382 3552 hi
405 3494 536 3570 principe
559 3493 624 3554 loco
647 3511 729 3554 sacra
753 3501 892 3563 tractent,
923 3497 1040 3573 optimis
1060 3493 1116 3555 illis
1139 3493 1220 3554 locris
1243 3513 1300 3554 non
1324 3497 1375 3555 sit:

75 3610 151 3653 narn
174 3594 241 3671 quis
262 3591 358 3654 bonus
380 3613 479 3656 emere
502 3593 587 3656 vellet
609 3596 805 3657 sacerdotium
828 3604 856 3656 et
879 3597 1096 3675 episcopatum?
1118 3605 1147 3657 at
1162 3614 1215 3674 per
1230 3598 1285 3657 hos
1300 3590 1378 3658 litut

79 3693 300 3755 sacerdotalem
315 3697 438 3772 gratiam
461 3697 551 3773 gratis
573 3715 660 3757 nemo
682 3698 820 3774 accipiat,
845 3707 946 3758 contra
963 3699 1068 3760 Christi
1084 3699 1192 3760 doctri-
1215 3696 1222 3766 Ι
1245 3698 1375 3774 {rfflggss‘

76 3814 204 3855 naman
225 3796 553 3875 moremapnstolicum
576 3799 737 3859 manifeste.
784 3798 883 3878 ltaque
906 3800 976 3861 nihil
998 3803 1139 3886 inveniri,
1159 3800 1444 3878 nihiteognarteoi.
1530 3786 1535 3791 ’

77 3897 126 3957 bis
142 3897 264 3972 dignum
287 3905 398 3975 potest:
422 3907 464 3959 tot
486 3901 654 3961 immanium
670 3899 815 3962 scelerum
832 3920 933 3963 caussa
949 3911 1030 3971 sunt,
1055 3911 1113 3964 tam
1130 3922 1190 3963 rna·
1217 3901 1376 3988 tssfflssfflffl

32 3998 66 4043 θ’»
80 3997 182 4057 lorum
205 3999 313 4074 passim
336 3999 538 4079 exemplorum
561 4001 714 4064 authores:
738 4021 806 4064 nam
829 4004 893 4064 haec
914 4005 1034 4065 aternum
1056 4013 1100 4065 est
1122 4003 1237 4082 publica
1261 4020 1377 4063 morum

78 4100 245 4176 pernicies,
275 4101 339 4160 ritae
362 4102 530 4180 corruptela
552 4105 616 4164 baec
639 4111 698 4173 est,
726 4122 822 4183 neque
845 4104 896 4166 ulli
918 4105 966 4167 alii
989 4107 1187 4186 impudentius
1209 4105 1277 4165 nrali
1299 4110 1376 4173 sunt,

79 4200 161 4279 quod
187 4207 215 4260 et
236 4204 363 4279 pessime
385 4204 469 4265 lactis
491 4204 622 4269 ecclesie
644 4204 850 4268 authoritatem
873 4215 1039 4286 praetexunt
1061 4216 1089 4270 et
1112 4208 1278 4287 opinionem
1294 4206 1378 4267 indo:

81 4310 137 4362 unt
160 4301 343 4373 homiuibus,
366 4307 397 4366 iu
419 4324 479 4385 quio
494 4306 619 4367 marinae
634 4314 773 4384 peccant,
797 4309 927 4370 othuram
941 4311 1098 4372 iacerese.
1139 4310 1222 4390 quin·
1245 4301 1380 4372 lenum

81 4405 172 4464 marn
195 4421 309 4465 summa
332 4407 440 4468 horum
461 4416 506 4469 est
527 4411 557 4469 in
570 4409 694 4485 patriam
710 4408 858 4485 impietas:
882 4410 1034 4476 devastant
1055 4414 1131 4475 hanc
1146 4413 1233 4481 enirn,
1256 4409 1379 4478 luitw-

35 4511 116 4566 ⁴⁰ut
139 4503 285 4565 aedificent
305 4501 373 4568 alibi
397 4515 425 4568 et
447 4517 478 4569 nt
500 4508 622 4569 Romam
646 4523 772 4586 peregre
794 4508 988 4588 locnpletcnt,
1012 4536 1027 4575 n
1051 4535 1107 4595 qna
1131 4515 1225 4590 turpis
1247 4511 1380 4590 obsequii

84 4628 105 4636 >-
117 4625 291 4635 floz—

151 4692 163 4724 ⁷
182 4693 319 4761 quisquiis
338 4697 362 4743 t.
414 4694 542 4746 ⁹Matttn
555 4696 613 4747 XX.
626 4695 668 4745 ²5.
723 4693 744 4725 ¹⁰
761 4692 850 4760 reat]
870 4696 892 4745 l.
906 4696 967 4749 Cor.
981 4700 1015 4750 x.
1028 4702 1069 4750 24.
