3210 5416
247 375 320 445 55ss
380 424 383 430 ·
687 403 803 438 orinocr
824 378 1095 438 rsnrnonvrrrrnrcr.

189 574 235 623 §.t
309 562 446 618 llomus
483 561 554 617 Nihil
576 561 628 618 hoc
644 561 741 617 attinet
755 561 860 623 dicere
885 577 964 635 quam
981 560 1035 615 smt
1052 560 1134 616 ubera
1150 560 1324 622 lactriundra
1349 580 1427 635 quam
1441 561 1521 617 creber

245 647 301 703 illic
328 633 419 701 rerirm
448 648 567 702 omnium
595 654 759 725 proventus:
793 646 913 719 adprime
943 645 968 699 id
997 653 1170 719 perspectum
1200 647 1413 707 mercatoribus:
1445 647 1521 701 hsinni

245 732 330 803 longo
353 731 526 787 intervallo
518 732 586 806 ipsis
608 738 742 805 praestant
764 729 977 804 Europensibus

309 815 523 890 Pasquillus.
560 815 609 883 Qui
634 815 765 872 obsecro?

308 900 446 955 llomus.
481 900 569 957 Dicam
592 899 694 962 obiter:
717 899 764 955 sed
786 899 856 955 unde
879 899 996 974 primum
1020 899 1131 955 ordiar?
1529 915 1538 952 ι

310 984 523 1058 Pasquillus.
560 984 747 1057 hrcligione.

193 1089 239 1138 ιι.
312 1069 448 1125 domus
485 1069 637 1143 Nusquam,
665 1070 744 1125 (leiim
772 1067 959 1130 inmortalem
987 1068 1085 1142 religio
1113 1070 1214 1132 maior
1244 1069 1308 1141 (nisi
1338 1069 1415 1126 fallat
1437 1067 1525 1143 opinio)

248 1171 381 1228 nusquam
404 1155 435 1209 ad
458 1154 574 1210 divinam
597 1171 653 1212 rem
677 1154 849 1226 frequentior
869 1152 1003 1248 populus,
1026 1170 1076 1210 nec
1098 1171 1271 1244 quenquam
1276 1155 1329 1212 vidi
1354 1155 1401 1228 qui
1423 1155 1484 1210 adeo
1502 1172 1525 1208 se

247 1256 297 1294 suo
320 1238 457 1294 devoverit
468 1238 594 1300 Christo
618 1256 682 1294 vero
704 1237 807 1312 alioqui
830 1237 948 1300 numini
972 1247 1003 1294 ut
1026 1237 1064 1297 illi
1088 1255 1117 1294 se
1140 1227 1336 1313 superstitiose
1359 1240 1468 1295 tradunt
1483 1239 1527 1292 lle·

246 1322 366 1378 humeto
412 1323 509 1379 Verum
532 1323 584 1378 boc
607 1322 673 1377 nihil
697 1322 728 1378 ad
752 1321 884 1385 tabulam
918 1339 979 1396 qum
1010 1331 1082 1379 secta
1111 1324 1147 1379 sit
1177 1323 1284 1398 potior
1320 1323 1550 1397 quandoquidemtt

246 1407 313 1463 adeo
337 1408 450 1463 increvit
471 1407 637 1469 Christiana.
661 1415 692 1462 ut
715 1407 855 1502 prophana
878 1424 950 1464 esse
961 1425 1015 1463 uon
1038 1407 1127 1481 possit
1149 1407 1228 1469 isles,
1251 1424 1389 1482 nusquam
1411 1408 1450 1464 vel
1464 1407 1527 1463 loco-

246 1508 306 1547 rum
330 1492 371 1548 vel
393 1493 515 1566 gentium
538 1493 694 1566 syncerior
718 1493 764 1564 qui
789 1491 844 1547 illic
866 1490 944 1547 fidem
966 1493 1086 1565 ruperit,
1112 1493 1138 1547 ia
1162 1510 1242 1548 omne
1266 1510 1355 1566 usque
1379 1492 1529 1567 tempusin·

246 1576 327 1632 lamis
349 1586 403 1634 cst:
427 1577 474 1650 qui
498 1594 589 1651 pacem
612 1576 753 1633 violaverit
775 1585 803 1632 et
826 1576 984 1638 amicitiam.
1012 1576 1076 1632 ilico
1103 1564 1173 1633 male
1203 1576 1368 1639 mulctatur:
1397 1576 1462 1633 nolli
1482 1575 1528 1631 illic

247 1661 404 1734 praedones
428 1662 502 1717 iures
525 1661 694 1736 paucissimi;
718 1660 947 1717 latrunculatores
968 1659 1049 1721 nulli.
1073 1662 1238 1724 secnrarir:
1261 1661 1530 1735 imperatorclnmen·

246 1745 381 1808 tissimus.
410 1763 574 1820 quamquam
596 1746 768 1803 ambitiosior
789 1744 876 1808 lorte;
910 1762 957 1801 sua
981 1745 1079 1818 cuique
1102 1746 1271 1846 permittitur
1299 1746 1383 1853 fides.
1412 1747 1469 1802 hnc
1488 1759 1551 1801 ιιι·

248 1837 367 1887 strarum
389 1847 480 1887 rerum
503 1829 587 1889 terme
609 1848 713 1886 summa
735 1840 763 1886 et
783 1839 874 1905 caput.

208 1950 241 1966 ι.
312 1915 525 1988 Pasqoillus
562 1919 603 1971 An
627 1932 680 1971 non
704 1914 762 1971 bmc
784 1932 873 1970 omnia
894 1914 978 1970 etiam
1000 1915 1072 1989 apud
1093 1916 1162 1972 nos?
1260 1973 1262 1977 ,

274 2048 275 2053 ,
312 2000 448 2058 hornus.
483 2000 666 2074 Nequaquam.

312 2084 529 2158 Pasquillns.
566 2085 593 2139 ld
616 2084 695 2140 nobis
717 2084 846 2140 edissere.

228 2188 235 2203 ·
312 2169 448 2226 Nomos.
481 2170 566 2232 Cedo,
589 2169 635 2242 qui
658 2178 723 2225 sunt
745 2167 885 2240 religionis
908 2169 1097 2251 antesignani?
1533 2181 1550 2217 o

312 2253 529 2327 Pasquillus.
567 2253 708 2327 Theologi.

231 2334 235 2347 ²
313 2337 447 2393 liomrrs.
485 2337 600 2394 Probe:
611 2347 638 2393 ct
661 2338 688 2393 bi
712 2355 792 2412 ιιιιιιι
816 2338 962 2412 insigniter
984 2356 998 2394 a
1021 2338 1154 2412 reiigione
1169 2338 1297 2396 delerent
1311 2348 1340 2395 ct
1355 2357 1446 2395 secum
1460 2347 1527 2393 ctum

251 2421 402 2495 impingere
425 2423 524 2480 sarciant
547 2402 673 2495 vulgum.
696 2441 776 2478 nemo
799 2440 853 2479 non
876 2424 961 2478 videt:
985 2424 1102 2498 primum
1124 2401 1249 2496 quidem
1273 2425 1347 2497 quod
1371 2442 1452 2498 quum
1471 2423 1527 2478 mire

251 2506 306 2560 sint
334 2507 504 2580 superciliosi
537 2526 567 2563 ac
599 2507 747 2580 magnilicis
776 2507 864 2563 titulis
892 2507 968 2569 clati,
1003 2508 1071 2565 adeo
1098 2507 1166 2563 nihil
1194 2517 1329 2582 praestant
1359 2510 1412 2565 hoc
1433 2507 1526 2564 immine

192 2591 377 2663 indignum,
407 2600 438 2647 ut
467 2589 567 2647 multos
594 2592 676 2648 etiam
698 2610 789 2648 secum
812 2593 993 2666 praecipitent.
1037 2592 1155 2655 accedit¹
1182 2594 1255 2666 quod
1286 2592 1397 2648 illorum
1420 2592 1469 2647 vita
1487 2592 1549 2646 doct

249 2674 345 2731 ctrinae
368 2675 500 2732 maiorem
523 2676 551 2732 in
570 2677 681 2733 modum
705 2686 855 2751 repugnat:
890 2678 948 2750 ipse
976 2678 1050 2736 nosti
1073 2695 1152 2751 quam
1176 2677 1276 2733 inllatis
1301 2678 1392 2734 buccis
1415 2676 1525 2734 mundum

249 2759 399 2834 prrndicent
419 2762 661 2822 contemnendum,
684 2760 877 2835 corpusculum
901 2770 996 2835 suapte
1019 2770 1114 2817 natura
1137 2762 1265 2818 caducum
1290 2762 1393 2836 vigiliis
1414 2772 1441 2817 et
1460 2778 1526 2834 squa·

250 2844 308 2900 lore
332 2845 526 2919 subigendum,
555 2845 623 2900 nihil
646 2846 778 2919 agendum
801 2863 944 2902 numerum
967 2846 1070 2918 gratia.
1098 2846 1314 2920 amplectendam
1344 2855 1525 2922 paupertatem.

251 2947 334 3005 quum
357 2930 408 3004 ipsi
432 2931 540 2988 interim
563 2948 614 3003 pro
637 2930 735 3004 opimis
758 2930 918 2991 sacerdotiis
939 2930 1088 3004 digladiari
1104 2948 1158 2986 non
1181 2940 1302 2987 cessent.

314 3015 530 3088 Pasquillus.
566 3015 849 3078 Parcius,olliome.
1412 3055 1414 3065 ι
1531 3023 1549 3061 ³⁸

182 3112 241 3158 tio,
314 3099 450 3155 llomus.
487 3099 587 3156 Verum
607 3100 679 3155 dico.
715 3100 761 3155 scd
783 3099 869 3156 dicam
891 3100 979 3156 adhuc
1000 3100 1117 3174 amplius
1143 3108 1171 3156 et
1193 3101 1323 3158 audacter
1344 3101 1431 3158 dicam
1451 3100 1525 3156 lleuon

87 3203 89 3211 ’
192 3243 194 3247 Α
245 3183 354 3255 'alioqui
376 3201 510 3258 nusquam
532 3183 821 3258 comprehensibilem,
850 3184 952 3242 idolum
975 3183 1082 3257 fingunt
1109 3203 1241 3247 cereum,
1275 3186 1304 3240 in
1333 3186 1453 3259 quamvis
1478 3198 1526 3256 par·

251 3277 304 3327 tem
328 3268 470 3324 vertibile:
498 3269 532 3324 de
554 3270 607 3326 hoc
628 3269 720 3325 nescio
744 3287 811 3341 quas
834 3271 968 3325 essentias
991 3269 1127 3326 somnient
1148 3278 1177 3326 et
1205 3271 1379 3332 existentias.
1413 3264 1539 3325 bescela-¹

250 3360 306 3411 tes,
330 3352 509 3423 qnidditates‚
533 3352 688 3415 nuditates,
712 3353 887 3415 universalia,
912 3352 1008 3416 realia,
1031 3354 1170 3428 complexu
1193 3362 1221 3409 et
1243 3354 1389 3429 perplexa.
1418 3349 1528 3427 supposi

251 3434 340 3489 tiones
368 3436 478 3492 caninas
504 3444 533 3491 ct
561 3438 697 3499 taurinas·
728 3455 759 3494 ac
788 3437 870 3495 talem
898 3439 1031 3511 quandam
1059 3439 1213 3514 ineptarum
1243 3439 1397 3495 tabularum
1427 3437 1548 3493 turbamtt

251 3519 447 3590 nugacissimas
481 3537 583 3593 nugas,
616 3521 731 3577 absurda
760 3522 959 3579 absurdorum:
993 3523 1119 3578 llaeccine
1145 3523 1314 3596 Theologia?
1347 3524 1406 3579 linc
1428 3520 1525 3593 religio?

252 3603 364 3661 hoccine
387 3612 430 3662 est
451 3603 542 3661 colere
565 3607 721 3662 Christum?
744 3607 810 3680 quid
831 3607 940 3663 Christo
962 3625 1024 3663 cum
1046 3607 1212 3664 Aristotele?
1246 3625 1307 3681 quae
1330 3608 1423 3687 portio
1444 3602 1525 3662 Christi

182 3690 281 3743 §.lbet
301 3687 405 3745 belial?
428 3690 570 3747 Postremo
594 3690 729 3753 omnium,
759 3708 841 3763 quum
864 3691 932 3746 nibil
954 3691 1070 3748 calleant
1093 3709 1165 3747 sanae
1187 3692 1329 3755 doctrinm,
1353 3692 1397 3765 (de
1418 3688 1525 3753 Scotistis

251 3771 352 3846 loquor
373 3781 401 3829 et
424 3774 571 3830 Thoruistis
595 3784 676 3849 atque
699 3775 870 3839 dlbertistis,
893 3793 947 3832 aon
971 3777 1004 3832 iis
1027 3777 1073 3850 qui
1097 3777 1212 3832 iuuetis
1234 3794 1264 3832 sc
1286 3777 1525 3851 rnancipentqooa·

248 3857 309 3912 dam
333 3875 399 3914 nicae
421 3858 540 3914 nationis
563 3858 704 3931 heroibus)
725 3860 850 3916 Pontifici
879 3878 958 3933 quam
981 3861 1094 3916 manime
1116 3853 1285 3934 applaudunt
1306 3871 1335 3917 et
1350 3862 1548 3917 ιιίιιιιῑιιιιιε10

249 3941 364 3998 dilatant
385 3942 590 4015 indulgentias‚'
613 3942 681 3998 nulli
705 3962 821 4017 unquam
845 3946 956 4017 antiquo
978 3945 1085 4001 doctori
1115 3945 1156 4000 vel
1183 3945 1343 4020 pontificum
1372 3955 1463 4006 notas.
1487 3958 1525 3996 no·

249 4027 319 4081 viter
341 4036 430 4082 autern
454 4028 621 4102 excogitatas
642 4027 677 4083 oh
699 4037 849 4101 quaestum:
870 4029 1028 4085 Pontificem
1043 4029 1180 4084 Christum
1202 4030 1324 4086 iaciunts
1342 4031 1431 4086 omnia
1453 4042 1524 4102 posse·

250 4111 340 4166 omnia
363 4111 463 4167 habere
486 4126 546 4186 quae
569 4112 722 4179 Christum,
751 4112 869 4185 demptis
890 4112 1048 4175 miracolis,
1075 4131 1136 4187 quae
1164 4113 1227 4169 ideo
1255 4114 1346 4170 lacere
1378 4132 1431 4171 non
1458 4108 1524 4168 novit.

251 4194 325 4266 quod
347 4194 406 4251 baec
428 4195 513 4252 virtus
536 4213 590 4252 non
613 4197 743 4270 pecunia,
766 4197 814 4252 sed
837 4196 888 4254 lide
912 4206 940 4254 et
961 4196 1117 4254 innocentie
1138 4207 1353 4261 commercatur;
1383 4199 1459 4254 deum
1477 4207 1524 4249 esse

252 4286 404 4341 terrenum,
427 4280 474 4335 scd
498 4283 544 4354 qui
567 4275 669 4336 oletum
691 4282 767 4337 cacet
788 4290 819 4337 ut
841 4280 933 4337 nullus
955 4280 1118 4338 rusticorum
1142 4282 1168 4336 in
1192 4281 1318 4339 llercinia
1340 4283 1421 4357 sylva.
1455 4276 1545 4354 potem

183 4359 342 4427 §.indicere
371 4364 443 4435 quod
470 4364 612 4439 reliquum¹
634 4374 685 4421 est.
729 4365 804 4428 liae,
839 4365 874 4421 mi
896 4366 1047 4440 Pasquille‚
1082 4368 1109 4421 in
1142 4367 1200 4422 suis
1231 4367 1373 4441 disputant
1406 4360 1522 4423 atbennis·

254 4525 352 4533 ,ιι-Α
362 4529 455 4535 Ἴκκ-

179 4681 182 4686 ,
316 4625 516 4689 ilectiiundic
532 4645 626 4686 onnes,
655 4668 661 4678 .
696 4629 907 4689 'immortalem
925 4635 951 4682 ².
969 4638 1020 4682 etc.
1072 4630 1106 4696 ᾖ*
1125 4631 1290 4691 delirent).
1300 4639 1351 4683 etc.
1419 4629 1440 4663 ⁸⁷
1456 4621 1520 4688 ‘Quid

252 4711 376 4775 apostolo
395 4727 456 4763 curn
474 4712 636 4764 Cicerone'?
653 4716 804 4780 Hteroopm
856 4715 878 4748 ³⁸
896 4716 974 4767 Paul.
989 4732 1032 4781 ep.
1046 4717 1083 4766 ΙΙ.
1098 4717 1133 4766 ad
1147 4717 1209 4767 Cor.
1222 4717 1269 4765 VI.
1284 4715 1325 4766 lh.
