3232 5422
264 359 337 431 374
509 372 556 421 XI.
627 386 788 424 ramosas.
809 349 815 370 ⁸
858 386 998 421 nrinoors
1018 384 1203 422 aerumans.
1224 358 1310 434 (troo.)

326 560 503 604 macaron.
542 539 602 600 Nos
623 540 796 618 unquaml·
883 615 886 622 μ

327 661 528 704 remansere.
566 642 624 701 Vos
638 658 771 718 semper:
796 642 912 703 mentiri
927 642 1020 710 enin,
1043 643 1187 718 peierare,
1211 641 1350 702 iraudare
1368 648 1397 703 et
1412 643 1552 719 imponere

263 718 416 822 proprium
439 750 484 805 eet
506 743 563 804 boc
578 742 789 810 Mercatorum3
813 760 850 801 an
872 760 931 802 non
954 740 1110 819 proverbio
1125 760 1243 820 quoque
1258 745 1386 803 iactatur
1402 743 1552 822 rulgolns·

264 844 401 921 ῧξῑξξξξξᾞ,
423 839 430 910 Ι
454 844 610 905 iurandum
633 843 852 904 lilercatoruml-
1513 833 1515 837 ἲ

328 966 504 1008 mascaron.
542 945 681 1012 lactatur,
705 945 757 1005 sed
779 952 879 1004 nostra
902 963 969 1005 cum
991 944 1111 1009 iniuria.
1136 950 1217 1022 puto.
1566 968 1575 1006 s

329 1066 529 1110 raauorsnvs.
568 1045 624 1116 Qui
648 1064 697 1105 vos
719 1053 846 1114 norunt,
870 1046 949 1106 haud
973 1052 1084 1122 putant.

326 1167 500 1210 mvrnuuvs.
538 1148 633 1225 Atque
657 1146 724 1207 binc
747 1154 791 1207 est
812 1146 954 1216 arbitror,
984 1146 1062 1223 quod
1092 1146 1190 1236 lurum
1221 1152 1250 1206 et
1271 1149 1470 1223 impostorum
1492 1148 1552 1208 deus

264 1268 372 1303 nemen.
391 1249 399 1322 Ι
421 1250 585 1308 Mercurius
608 1248 714 1308 borum
737 1266 854 1326 quoque
876 1254 921 1308 est
942 1247 1046 1325 hisque
1069 1254 1175 1324 preest
1189 1254 1219 1313 et
1240 1249 1369 1311 nomina
1385 1248 1467 1309 dedit
1486 1268 1551 1309 mer·

267 1347 364 1416 cibus.
388 1355 578 1418 mercaturae,
602 1351 816 1417 mercimoniis,
840 1350 998 1417 mercatui,
1022 1347 1236 1409 mercatoribus
1258 1355 1288 1408 et
1310 1352 1505 1411 commerciis.

196 1463 257 1514 aso.
329 1469 505 1512 usacaroa.
543 1450 658 1511 Utinam
681 1468 741 1511 non
764 1450 900 1512 dixissem
924 1469 988 1529 quas
1011 1449 1102 1519 rolui,
1121 1459 1158 1526 ut
1179 1469 1217 1510 ne
1239 1450 1374 1511 audirem
1398 1470 1476 1512 nuno
1496 1471 1572 1530 qirau

266 1551 353 1640 nolo-5
378 1558 406 1612 et
428 1558 526 1612 umen
548 1570 607 1612 nnn
630 1551 774 1630 negabitis
796 1570 860 1611 esse
883 1551 978 1612 adhuc
1002 1551 1097 1611 bonos
1119 1553 1196 1611 viros
1218 1550 1411 1613 blereatores.

264 1648 396 1726 mlviii
416 1645 423 1715 Ι
487 1673 688 1715 ranrmscvs.
725 1653 811 1713 Prius
834 1671 897 1714 esse
920 1653 994 1721 dixin
1018 1652 1070 1711 sed
1094 1653 1139 1711 rix
1162 1664 1341 1730 quemquam
1356 1655 1498 1714 -sidemus
1512 1654 1550 1713 ‹ln-

266 1770 350 1812 erum
372 1755 506 1830 accipere
528 1755 578 1830 qui
600 1771 659 1813 non
682 1757 794 1832 irroget
815 1754 964 1830 damnum.
1003 1771 1170 1832 quanquam
1194 1762 1226 1813 ut
1248 1753 1335 1814 liceat
1358 1754 1549 1818 honestissime

265 1852 374 1914 lucrari
397 1854 493 1923 vobis,
516 1861 613 1916 tamen
636 1855 800 1916 divitiarum
823 1857 968 1933 possessio
991 1858 1016 1916 si
1038 1854 1176 1920 excedat,
1207 1856 1373 1916 inimicitias
1397 1863 1426 1916 et
1448 1857 1549 1917 seditio·

265 1972 333 2015 uem
355 1958 444 2033 parit,
473 1958 498 2017 si
520 1957 648 2036 deliciet,
677 1959 862 2025 servitutenu
891 1975 987 2036 nmpue
1018 1956 1089 2016 lere
1102 1972 1279 2034 quemquam
1301 1956 1438 2018 ridemus
1459 1958 1569 2020 diritibe

264 2054 406 2138 32'22333'1
435 2058 554 2118 studere
582 2057 669 2124 simul
697 2065 726 2118 et
753 2058 877 2136 probata
906 2076 974 2119 esse.
1000 2060 1075 2118 vitae
1102 2059 1206 2119 avertit
1234 2059 1312 2117 enim
1341 2058 1380 2120 ab
1405 2058 1547 2119 honestetis

265 2158 362 2218 studio
385 2157 500 2219 illarum
524 2178 610 2219 cura:
640 2166 672 2220 ut
701 2159 798 2220 rideas
826 2161 856 2219 in
885 2162 950 2220 vitae
977 2159 1108 2221 instituto
1130 2161 1241 2219 versari
1263 2177 1317 2218 vos
1337 2159 1464 2221 multum
1485 2161 1545 2238 peri·

267 2257 376 2319 culoso.
1281 2256 1284 2270 '

197 2373 255 2423 tm,
328 2378 502 2422 nvrrauvs.
540 2359 639 2421 Dicam
663 2381 698 2422 er
722 2361 813 2423 literis
835 2361 943 2440 aliquid
966 2364 1067 2430 etiam,
1092 2363 1116 2421 si
1138 2379 1199 2421 non
1220 2378 1299 2438 aegre
1323 2361 1394 2422 iers.

328 2479 505 2531 benennon.
544 2460 611 2521 Dic:
633 2465 692 2522 iam
716 2465 793 2524 enim
817 2464 892 2523 male
914 2463 1207 2540 audiendipatientia
1232 2461 1385 2539 percallui.
1544 2484 1560 2523 s

264 2557 419 2636 dsstlfffffll
484 2582 658 2625 nvrrauvs.
696 2565 782 2643 Apud
805 2564 955 2625 Platonem
979 2564 1181 2624 mechanicum
1203 2580 1292 2622 omne
1316 2562 1432 2625 lucrum
1454 2564 1538 2624 inlamc

264 2670 323 2731 est,
347 2663 427 2741 quod
449 2681 609 2741 generosos
630 2667 762 2743 inquinet
784 2683 891 2726 mores.
936 2665 1019 2726 audis
1042 2665 1115 2725 boc?

330 2783 507 2825 mascaron.
544 2766 656 2834 Audio,
680 2773 709 2826 et
731 2769 760 2826 in
783 2766 859 2827 illius
882 2769 994 2827 civitate
1018 2773 1048 2826 ut
1070 2768 1106 2825 sit
1128 2765 1197 2834 line,
1222 2764 1292 2825 nibil
1315 2767 1453 2845 impedio.

196 2883 256 2933 §.sn
329 2885 501 2927 aversare.
539 2866 655 2946 Ubique
682 2876 740 2936 ast;
770 2886 837 2927 nam
865 2875 895 2927 et
916 2866 1099 2935 Aristoteles,
1128 2865 1239 2927 civilior
1261 2873 1333 2944 puto
1357 2867 1534 2947 philosophus

264 2985 382 3021 imme.
405 2964 413 3032 Ι
436 2976 618 3028 mercatores
641 2971 801 3046 vituperat,
831 2969 910 3047 quod
938 2971 956 3029 ii
986 2985 1103 3046 semper
1132 2969 1160 3027 iu
1184 2969 1298 3041 civitate
1320 2977 1470 3030 manentes
1489 2968 1555 3026 lorea

263 3056 370 3129 vexent
391 3071 538 3148 primique
559 3072 616 3130 sint
638 3073 688 3150 qui
711 3069 852 3132 tumuitus
875 3072 1003 3130 excitent
1025 3078 1053 3130 et
1075 3076 1174 3129 serant
1202 3069 1374 3131 discordias.
1419 3071 1501 3136 idem,
1517 3065 1532 3122 si

263 3172 321 3231 sint
335 3172 493 3231 necessarii
516 3173 619 3241 etiam,
643 3192 679 3232 ex
702 3171 814 3232 civibus
836 3179 933 3231 tamen
957 3189 1021 3231 esse
1043 3177 1129 3231 vetat.
1173 3169 1277 3238 Vides,
1302 3177 1334 3229 ut
1350 3171 1532 3231 civitatemro·

262 3288 380 3325 aramma..
404 3266 410 3336 Ι
434 3272 479 3332 bis
502 3272 617 3334 claudat
639 3271 809 3334 Aristoteles
831 3274 968 3351 quoque?

325 3391 525 3435 rememora.
564 3374 600 3434 Et
621 3382 718 3436 tamen
742 3374 796 3433 soli
818 3392 893 3452 pene
916 3372 1047 3434 habitant
1069 3373 1198 3433 ciritatas
1219 3373 1379 3439 isli'nunc'.

324 3491 501 3534 unanaroa.
541 3475 576 3534 Ut
599 3476 684 3536 dicis:
708 3482 821 3535 tautum
844 3474 970 3536 obtinuit
991 3473 1188 3552 praecipiendo
1210 3480 1337 3550 nugator
1360 3473 1418 3535 ille.
1538 3482 1555 3524 ω

328 3669 339 3703 ²
357 3673 508 3740 imponere]
528 3679 577 3737 „in
596 3679 685 3742 pretio
704 3679 852 3743 emptionis
870 3683 899 3727 et
916 3676 1101 3727 venditionis
1125 3677 1292 3740 Pomponius
1312 3677 1354 3726 ait
1372 3674 1535 3740 „naturaliter

260 3755 345 3807 licere
371 3759 597 3811 contrahentibus
621 3779 651 3812 so
676 3764 903 3812 circumvenire''.
938 3760 1001 3825 Uip.
1016 3762 1047 3809 1..
1064 3759 1102 3808 lli.
1123 3761 1185 3821 §.d
1200 3761 1233 3812 D.
1254 3760 1287 3809 de
1302 3762 1451 3811 minoribus
1468 3749 1534 3809 itti·

260 3840 338 3902 Quod
358 3842 429 3892 male
448 3845 665 3910 interpretantur
683 3863 736 3896 non
755 3846 842 3897 solum
861 3846 881 3895 ii
900 3860 967 3910 quos
979 3845 1146 3893 Franciscus
1158 3845 1185 3893 b.
1199 3844 1216 3893 l.
1232 3851 1356 3895 accusat.
1416 3843 1477 3893 ³ius
1488 3828 1534 3896 ius]

260 3925 298 3976 Ut
320 3926 355 3976 de
379 3927 506 3978 lenonum
531 3930 637 3981 aemulia
654 3931 752 3982 Plaut.
771 3930 900 3981 Pseudul.
922 3929 945 3978 i.
959 3930 984 3989 2,
998 3938 1032 3978 ot.
1050 3930 1116 3992 „qui
1175 3929 1298 3983 ‚iurando
1322 3930 1382 3979 iure
1406 3928 1473 3979 malo
1493 3932 1536 3975 rom

260 4015 411 4074 quaerunt&
431 4012 560 4065 Ceterum
571 4016 746 4079 proverbium
760 4031 812 4079 quo
824 4015 993 4065 Franciscus
1005 4015 1107 4074 utitur,=
1120 4013 1192 4077 apud
1205 4017 1316 4063 veteres
1329 4029 1372 4063 me
1391 4013 1480 4079 legere
1496 4016 1537 4060 aot

259 4097 384 4158 memini,
407 4098 479 4163 apud
496 4104 636 4149 nostrates
654 4099 688 4148 de
706 4100 878 4150 tabernariis
897 4099 1033 4162 hodieque
1053 4097 1186 4147 eiusmodi
1204 4096 1325 4146 dicteria
1343 4097 1500 4157 audiuntur,
1515 4088 1538 4135 tl

260 4180 311 4228 ‘Aa
330 4182 377 4229 der
389 4181 503 4234 Krdnrer
520 4183 657 4234 Sodadrerr
670 4187 723 4233 solt
738 4185 856 4232 alamand
871 4183 925 4232 oieb
941 4183 1052 4239 kelrrear
1070 4183 1206 4234 Solamen
1224 4182 1285 4245 muss
1303 4184 1349 4231 des
1368 4182 1490 4233 Kramre
1501 4173 1537 4226 dil

258 4264 413 4327 verdensem
431 4266 545 4316 Krdnrer
562 4268 691 4318 selerciaco
703 4283 756 4317 emta
770 4270 835 4318 θεῖά
857 4269 937 4317 Pl'r'c's
955 4267 1028 4316 limen
1046 4267 1144 4331 pesdtlt.
1175 4265 1373 4327 Hundela'nlrea,
1396 4255 1537 4316 Frmrennet'·

259 4364 317 4409 nen,
337 4350 586 4413 Krcimerscdmd‘ren,
607 4355 647 4406 Do
659 4355 700 4403 cal
710 4352 764 4401 ricla
776 4351 834 4401 kein
847 4356 907 4401 metr
914 4367 974 4400 mou
987 4368 1020 4400 nn
1032 4351 1120 4400 keren.
1157 4347 1178 4381 ¹⁹
1197 4349 1240 4399 cf.
1255 4349 1314 4400 Cic.
1328 4366 1378 4414 pro
1390 4349 1448 4400 Mil.
1461 4346 1499 4407 ⁴28,
1511 4347 1537 4388 il·

257 4428 277 4462 ²¹
292 4432 375 4498 Plat]
389 4435 422 4483 de
436 4435 521 4501 legib.
537 4437 569 4483 V.
582 4453 608 4500 p.
623 4435 680 4485 741.
696 4453 719 4485 e.
740 4472 778 4496 ‚‚..
791 4430 865 4501 μηδὲ
885 4434 949 4485 δεῖν
968 4425 1035 4501 μηδ’
1048 4427 1155 4496 ἐξεῖναι
1174 4434 1401 4500 χρηματίζεσθαι
1420 4433 1472 4483 τῶν
1487 4421 1538 4481 ἀνθ’

258 4511 406 4580 trebiam
418 4519 620 4584 χρηματισμῶν
631 4516 736 4586 μηδενὶ
748 4516 870 4586 μηδένα,
889 4513 958 4572 καθ’
971 4507 1039 4574 ὅσον
1053 4510 1247 4576 ἐπονείδιστος
1260 4513 1400 4584 λεγομένη
1412 4505 1537 4584 florarii&

257 4585 334 4665 ἦθος
351 4592 506 4666 ἀποτρέπει
526 4595 681 4667 roseam
791 4603 813 4635 ²¹
836 4602 962 4669 aiaton]
981 4604 1016 4654 aa
1034 4604 1159 4654 vacuat.
1173 4604 1198 4653 r.
1213 4605 1250 4654 cr.
1265 4596 1376 4653 roncare.
1390 4605 1413 4652 1.
1426 4602 1449 4652 n
1461 4592 1535 4650 aelt-

257 4682 329 4734 Plat.
344 4685 378 4734 de
398 4701 454 4750 rep.
468 4687 544 4735 VIlI.
558 4703 583 4751 p.
597 4688 655 4738 556.
717 4688 747 4722 1²⁸
765 4687 852 4754 Idem]
872 4688 1108 4740 biristet-Politia.
1123 4687 1172 4740 111.
1187 4689 1213 4740 b
1226 4689 1297 4739 mod:
1311 4688 1373 4737 VII.
1387 4687 1411 4738 3.
1425 4687 1448 4736 i*
1461 4675 1534 4734 uell-
