3232 5422
1047 356 1052 368 Ι

249 447 257 461 ‚
328 383 377 432 XL
447 399 608 433 runcones.
679 399 818 433 nrsuoovs
839 398 1023 434 nvareurcrs.
1049 382 1132 446 (tato.)
1296 368 1370 438 379

74 551 324 629 probissimorrun
340 551 466 613 ¹illorum
488 552 653 630 cupiditati,
689 553 736 611 cui
767 560 863 611 tamen
893 552 1089 613 satisfaciebat
1117 570 1283 631 nunquam,
1319 553 1371 614 sed

68 652 149 713 dum
173 654 256 729 petiti
278 660 430 730 compotes
452 653 556 715 timent
577 654 647 731 ipsi,
676 651 847 714 obsidiones
876 652 965 722 solvi,
995 671 1108 732 pugnas
1137 661 1186 714 ant
1215 655 1372 715 detrectari

31 799 37 807 .
77 761 130 814 aut
151 752 228 814 male
252 755 394 832 pugnari,
430 756 576 815 exercitus
597 753 747 823 diffluere,
781 756 877 814 socios
905 754 1012 823 auxilio
1039 756 1171 824 destitui,
1204 755 1294 817 urbes
1321 775 1371 816 ex·

77 855 222 933 pugnari,
243 856 282 915 in·
297 873 411 916 summa
434 857 560 933 optimas
577 858 752 932 occasiones
775 857 926 933 praeterire
949 857 1071 920 sinebat.
1109 875 1206 936 neque
1229 856 1290 918 fe'rc
1312 855 1369 917 ulla
1382 873 1439 922 en.

55 964 145 1016 serat
167 964 245 1016 tanta
268 958 443 1026 necessitas,
474 958 521 1018 cui
543 974 602 1015 non
626 957 780 1036 praeferret
808 955 914 1016 horum
943 956 1107 1018 libidinem:
1138 959 1247 1018 amicos
1273 967 1370 1018 autem

79 1064 109 1118 et
132 1059 267 1119 inimicos
290 1058 475 1119 habebatur
498 1076 602 1118 eorum
623 1057 800 1137 'plerumque
822 1057 983 1126 voluntate,
1017 1058 1224 1119 contemnebat
1244 1077 1306 1136 praa
1328 1059 1373 1120 his

78 1160 229 1237 principes
250 1161 329 1220 viros
351 1178 385 1220 ac
414 1158 557 1220 nobilitati
585 1158 761 1238 preferebat
788 1176 839 1218 eos
865 1159 1112 1236 pertinacissime:
1148 1178 1315 1240 quanquam
1345 1168 1374 1221 et

79 1259 195 1321 nobiles
224 1260 348 1322 faciebat
376 1278 426 1321 eos
453 1279 488 1329 ac
516 1263 682 1340 principes,
717 1261 860 1337 imprimis
893 1263 1061 1338 episcopum
1097 1250 1225 1329 istuml
1254 1260 1373 1347 ggiggssgfffi

79 1381 248 1441 quem-ego
271 1363 381 1423 audere
403 1362 460 1422 ridi
483 1362 602 1440 publico
624 1363 789 1422 Germaniae
811 1360 935 1421 concilio
957 1380 1025 1421 enm
1048 1363 1169 1422 summis
1190 1363 1375 1440 principibus

48 1477 71 1515 ¹0
81 1482 217 1543 pugnare
239 1464 276 1525 de
297 1464 379 1533 luco,
404 1482 511 1524 novum
534 1465 698 1532 homiuem,
724 1471 753 1523 et
774 1464 802 1522 in
826 1461 922 1523 aulam
945 1462 1276 1545 pedibusquirenerat
1291 1463 1373 1524 albis.

143 1585 321 1628 macaron.
360 1565 448 1627 Cuius
469 1572 553 1644 pater
576 1564 621 1626 lac
643 1564 788 1626 vendebat
809 1565 961 1642 Augustae,
985 1564 1109 1625 deformi
1125 1546 1255 1626 invectus
1271 1565 1373 1635 hestia,

79 1670 232 1744 suspensis
254 1668 391 1727 hincinde
413 1667 538 1745 lagenis,
563 1667 614 1727 sed
629 1668 687 1746 ,qui
708 1668 747 1726 ita
770 1665 894 1727 delicate
916 1667 984 1726 vivit
1005 1684 1099 1734 nune,
1129 1674 1161 1727 nt
1182 1685 1248 1745 quaa
1269 1666 1374 1728 delitiae

78 1766 144 1827 aliis
158 1775 241 1837 sunt,
264 1768 382 1829 labores
396 1770 452 1846 ipsi
466 1769 633 1837 rideantur,
658 1775 811 1846 coenatque
825 1769 864 1827 ita
886 1765 977 1836 laute,
1002 1767 1214 1828 utFueoheros
1235 1766 1243 1833 Ι
1265 1765 1375 1844 ‘mm‘

78 1875 200 1929 accuset
214 1887 434 1948 nonnunquam,
458 1872 582 1949 quinon
599 1868 667 1947 satis
683 1887 825 1929 novarum
841 1887 941 1930 rerum
957 1868 993 1928 ab
1010 1870 1118 1929 exteris
1133 1869 1289 1945 deportent.
1305 1870 1372 1929 hnc.

47 1988 70 2025 1³
144 1990 346 2033 rnascrscvs.
384 1971 478 2041 Onam
501 1991 557 2050 ego
581 1971 727 2050 publicam
750 1969 946 2031 infelicitatem
969 1969 1100 2030 solebam
1123 1972 1310 2049 interpretari
1338 1989 1441 2039 acere

78 2073 222 2131 miserum
245 2071 316 2133 illud
339 2073 479 2134 vacabam
501 2081 632 2151 tempus:
663 2091 730 2133 nam
753 2064 872 2151 quando
894 2090 926 2132 se
949 2072 1018 2131 ridit
1040 2071 1164 2131 dedeco—
1216 2069 1373 2158 glfffggssgqfl·

78 2180 174 2232 ratam
197 2176 291 2250 magis
312 2176 484 2243 Germania,
519 2193 606 2255 qnam
629 2175 691 2234 istis
714 2176 791 2234 cirea
815 2192 915 2233 rerum
943 2173 1188 2249 gubernationem
1216 2174 1374 2252 praesiden-

78 2274 159 2334 tibus
180 2274 262 2336 nihili
284 2275 467 2344 hominibus,
497 2295 531 2336 ac
553 2279 612 2344 ius,
637 2274 725 2353 leges,
750 2276 809 2345 fas,
833 2293 949 2352 aeqnum
973 2281 1001 2334 et
1023 2274 1177 2334 honestum
1200 2273 1374 2337 libidinosis·
1468 2306 1470 2313 .

79 2377 155 2435 sime
175 2377 420 2454 profanantibus?
442 2377 616 2456 Quanquam
640 2384 668 2439 et
690 2377 758 2437 hnic
779 2376 868 2438 hodie
883 2376 988 2437 Carula
1010 2375 1148 2435 subnasci
1169 2374 1374 2452 tffgqlfssssfgssgfffl·

42 2476 166 2538 aorideo
189 2479 239 2556 qui
261 2486 403 2539 conentur
427 2478 464 2538 ob
488 2479 589 2539 eadem
612 2471 772 2540 abuti‘illo.
823 2484 825 2487 ’
854 2533 856 2535 ,

142 2599 318 2641 uvrrnurs.
356 2579 392 2640 Et
415 2599 469 2658 ego
493 2581 575 2641 rideo
598 2599 632 2641 ac
654 2582 747 2640 ricem
777 2579 924 2657 publicam
952 2579 1052 2640 doleo:
1083 2588 1163 2640 certe
1192 2578 1300 2641 nollem
1329 2581 1442 2651 hisare.

78 2682 168 2742 mitiis
191 2698 380 2742 consecrasse
402 2683 558 2759 imperium
582 2700 677 2743 suum.

142 2802 344 2845 urnaumscvs.
381 2782 513 2852 Quibus?

143 2874 319 2946 urnrnurs.
357 2885 597 2964 Ouibnsmmqne.
634 2884 687 2944 sed
709 2901 767 2943 non
788 2883 894 2961 placuit
917 2882 996 2961 quod
1010 2881 1080 2942 illud
1096 2901 1199 2960 passus
1215 2892 1258 2944 est
1274 2893 1375 2945 contra

44 2985 247 3046 asLutherum
270 2988 440 3063 extorqueri
463 2987 590 3047 edictum
612 2985 676 3046 sibi.
893 3037 895 3042 .
1198 2982 1375 3060 llitthtt'ls‘

143 3107 345 3149 rememora.
388 3089 424 3148 ht
446 3090 509 3149 eius
531 3089 594 3164 ipse
616 3086 722 3146 author
745 3104 803 3145 non
827 3093 884 3153 est,
908 3085 1013 3145 scribae
1036 3091 1103 3146 sunt
1125 3092 1154 3144 et
1174 3084 1289 3147 scelesti
1312 3089 1375 3166 qni·

79 3189 201 3249 damin
224 3188 305 3258 aula,
329 3191 475 3267 pontilicis
496 3190 620 3266 pecunia
644 3175 730 3248 ad'id
754 3190 895 3264 corrupti.

144 3309 319 3352 mansure.
357 3291 439 3352 Scio:
463 3299 493 3351 at
513 3289 591 3350 illius
612 3291 730 3350 nomine
753 3292 934 3368 propositum
959 3295 1016 3356 est,
1045 3307 1142 3367 neque
1163 3288 1282 3351 revocat
1303 3293 1375 3369 ipse,

80 3398 112 3452 et
131 3391 244 3453 honum
266 3393 362 3453 rirurn
384 3392 480 3471 deque
503 3395 595 3471 patria
624 3412 659 3452 ae
681 3394 808 3470 Imperio
837 3394 974 3452 meritum
1002 3391 1111 3467 optime
1139 3391 1376 3454 sceleratissimo·

44 3510 149 3554 aorrrm
172 3494 324 3554 hominurn
347 3495 462 3555 iniuriae
482 3494 631 3572 permittit.

101 3581 107 3592 ’
143 3614 344 3656 rusucrscvs
383 3594 448 3666 Quo
470 3614 537 3655 eum
561 3595 711 3656 abducunt
732 3593 889 3663 illiricae,
919 3594 971 3654 sed
999 3612 1051 3672 spe
1073 3596 1182 3673 optima
1205 3588 1446 3681 lffissnssgffflurr,

80 3695 176 3756 ‹lncor
199 3695 317 3757 forent
347 3712 414 3756 cum
442 3698 586 3757 tutissime
615 3698 776 3759 consistere
804 3696 985 3756 arbitrentur
1013 3714 1093 3764 sese.
1129 3695 1378 3758 calamitosissima

81 3795 266 3857 collabantur
289 3806 318 3875 et
340 3798 533 3859 decumbant:
568 3801 605 3858 ita
636 3799 736 3858 videor
758 3797 951 3858 adolescentis
973 3815 1060 3858 nosse
1089 3798 1170 3858 indo·
1194 3784 1200 3853 l
1224 3820 1377 3856 aurumne..

82 3897 160 3965 lem,
185 3916 281 3975 neque
304 3916 362 3958 non
386 3899 527 3978 quasdam
549 3901 606 3960 iam
630 3900 709 3960 dedit
731 3899 802 3959 mihi
824 3899 979 3961 voluntatis
1000 3917 1061 3959 suaa
1079 3899 1305 3975 significationes
1320 3898 1377 3967 ille,

48 3999 155 4078 sequid
178 4006 325 4076 proponat
346 4001 488 4078 siquando
510 4020 611 4062 rerum
634 4001 764 4062 habenas
787 4001 822 4060 ad
845 4002 941 4077 ipsum
965 4018 997 4060 se
1019 3998 1178 4076 collegerit.

145 4122 320 4163 narrauvs.
358 4101 422 4171 Quo
445 4103 481 4162 de
503 4121 654 4181 nunquam
677 4121 736 4162 non
759 4102 843 4163 iubes
865 4102 940 4162 bene
963 4119 1084 4179 sperare
1114 4119 1175 4168 me,
1210 4117 1377 4178 quanquam

81 4210 112 4263 et
133 4204 197 4280 ipse
218 4201 328 4280 alioqui
350 4203 427 4263 bona
450 4204 576 4283 quadam
598 4205 628 4263 in
650 4202 732 4264 illum
756 4205 909 4263 affectione
931 4221 1017 4262 snm.
1044 4202 1095 4262 sed
1111 4203 1169 4261 iam
1183 4205 1300 4277 tempus
1316 4207 1378 4261 erat

85 4346 282 4357 ---·--—-.

148 4440 158 4472 ⁸
182 4440 268 4505 episc.
283 4436 340 4504 ist]
359 4424 520 4490 Matthoeum
538 4443 632 4506 Long,
653 4438 738 4506 episc.
758 4440 906 4490 Gnreensis
926 4438 1065 4499 ccclesiae,
1092 4435 1191 4487 Salisb.
1210 4437 1332 4504 archiep.
1352 4443 1381 4489 et

86 4524 275 4585 cardinalem,
295 4524 324 4573 in
344 4525 463 4576 concilio
481 4525 663 4591 Augusteum,
685 4540 710 4574 a.
725 4525 798 4574 1518.
817 4525 923 4574 habito.
955 4523 998 4572 Of.
1011 4524 1065 4572 rol.
1079 4523 1101 4571 1.
1114 4539 1140 4588 p.
1153 4520 1212 4575 224.
1278 4520 1299 4554 ¹⁰
1317 4523 1379 4588 ped.

83 4608 149 4675 alh]
165 4611 224 4660 Iuv.
238 4614 292 4658 sat.
307 4609 329 4658 1.
347 4609 401 4659 lll.
456 4609 473 4642 ¹¹
495 4610 580 4659 Cuius
598 4607 658 4673 etc]
677 4611 776 4669 Immo,
797 4626 829 4658 ex
848 4609 968 4674 patriciu
988 4607 1096 4657 familie
1108 4608 1380 4673 Augustanuioriun·

84 4694 134 4745 dus
152 4696 216 4746 fuit.
278 4692 299 4725 ¹⁸
318 4694 449 4744 miserunt
467 4697 525 4745 edd.
585 4693 607 4726 ³⁸
626 4693 794 4743 arbitrentur
814 4697 836 4743 i.
