3232 5422
250 349 322 423 388
488 365 557 414 ΧῙ.“
607 377 767 413 remensus.
838 378 978 414 nrauouvs
998 379 1183 415 avrnrrrrrevs.
1210 364 1295 428 (1520.)

180 533 433 610 r.114.322⁰,ff„⁰;3b325’1
496 551 698 594 renuersovs.
737 532 988 593 Consultum-iam
1010 539 1115 603 esset,·
1132 533 1188 593 nisi
1217 532 1350 593 obstaret
1373 532 1447 591 ordo
1468 532 1537 610 prin·

248 638 361 714 cipum,
386 654 421 694 ex
445 652 503 713 qno
525 641 595 694 sunt
617 636 666 713 qui
689 635 875 713 episcopatus
897 634 1030 695 ambiunt
1052 641 1080 694 et
1103 635 1221 712 ipsine
1242 633 1298 694 soii
1318 635 1380 696 iam
1403 633 1538 711 pene-de·

247 738 336 798 trusis
364 734 449 795 nobis
477 741 580 795 contra
608 726 688 813 leges
716 742 870 814 occupant.
915 736 944 795 hi
973 734 1024 795 ubi
1051 753 1102 795 vos
1131 736 1262 795 viderint
1280 736 1463 813 pertinacius
1483 752 1537 794 ren

246 838 325 898 harro
346 838 490 913 argenteis,
524 855 581 915 qua
609 844 695 914 putas
722 838 749 896 ri
775 837 986 915 aggredientur
1013 838 1132 897 voeatis·
1149 838 1179 895 in
1208 836 1351 897 auxilium
1369 836 1538 916 ··pr0pinqns

247 943 321 1009 mis,
338 941 394 1018 vqui
416 940 495 1000 serre
516 955 576 997 non
600 945 723 1015 possunt
744 937 864 1015 spoliari
885 938 953 1007 hos,
977 956 1014 999 ne
1035 938 1071 998 ad
1094 939 1270 1016 patrimonia
1292 940 1334 1000 eis
1356 955 1552 998 sua-necesses

247 1043 285 1100 sit
307 1041 434 1101 re'ditum
456 1039 537 1099 fieri?
561 1046 681 1116 egentes
704 1039 781 1099 enim
802 1039 1020 1117 utplurimum
1043 1046 1126 1108 sunt,
1150 1047 1240 1118 atque
1259 1041 1352 1117 igitur
1377 1040 1537 1100 necessario

248 1141 285 1202 de
308 1140 438 1202 ecclesiis
461 1141 568 1200 vivunt.

247 1261 335 1297 ruane.
367 1236 374 1306 Ι
411 1261 616 1304 Διωικοιιτειιι.
654 1242 785 1303 Tandem
813 1242 896 1302 video
924 1243 1004 1323 quid
1022 1250 1156 1304 moretur
1186 1242 1302 1304 facinus
1330 1241 1537 1321 pulchrrime

249 1344 457 1404 necessarium.

180 1455 247 1503 one.
310 1463 512 1506 naucrsors.
550 1445 613 1504 Hoc
635 1462 726 1505 unum
749 1453 896 1507 moratum
1544 1465 1560 1504 u

236 1576 240 1591 ‚
293 1566 487 1629 ¹arrirncaron.
524 1544 634 1606 Verum
657 1546 809 1625 Principes
830 1553 899 1607 sunt
927 1547 1109 1617 huiusmodi,
1130 1554 1193 1608 aut
1220 1545 1290 1607 boni
1320 1548 1376 1609 viri
1404 1531 1537 1624 suatum

248 1666 312 1709 rem
334 1665 418 1708 suam
440 1646 621 1726 aliquantum
642 1655 738 1708 autam
760 1666 849 1725 quam
865 1647 1014 1728 publicam
1034 1667 1069 1709 ex
1084 1656 1145 1708 toto
1161 1648 1327 1708 restitutam
1343 1647 1403 1707 sibi
1418 1646 1537 1707 metunt?

311 1768 512 1812 reeucrsovs.
551 1747 777 1828 Quotiescunque
805 1756 887 1818 sunt,
922 1751 974 1810 sed
1008 1769 1067 1811 non
1096 1747 1272 1833 obtinebunt
1299 1756 1449 1827 perpetuo
1477 1749 1535 1813 hoc

250 1851 407 1931 aliquando
430 1851 507 1910 enim
530 1836 703 1911 consuletur
724 1849 842 1929 publico
865 1851 910 1911 rei
933 1853 1035 1912 inritis
1051 1853 1131 1929 ipsis.

295 1973 490 2015 nnncaron.
530 1952 705 2013 Consulatur
727 1953 844 2013 tandem
873 1969 908 2013 ac
937 1953 1074 2013 omnibus
1099 1951 1190 2014 semel
1212 1953 1391 2020 ‚corrreniam
1421 1959 1452 2012 ut
1480 1951 1558 2030 quiae

248 2054 400 2133 mmm
420 2061 429 2128 1
451 2052 570 2132 publico
588 2055 689 2130 gravis
711 2062 756 2115 est
777 2055 852 2115 ordo
874 2056 942 2125 iste,
966 2053 1084 2132 prdsiico
1107 2060 1262 2115 censeatur
1286 2053 1421 2114 consilio.

313 2172 512 2216 rasueraovs.
551 2155 718 2216 Gonveniat.

181 2265 249 2315 §.na
313 2274 486 2319 averanus.
524 2255 618 2315 Etiam
641 2275 694 2334 per
716 2276 778 2318 me:
808 2259 1004 2335 nequeenim
1027 2257 1215 2336 qnaiesesse
1235 2256 1349 2317 debent
1370 2250 1533 2319 sacerdotes

250 2375 329 2417 nunc
352 2363 434 2424 sunt,
458 2364 487 2416 ot
509 2376 550 2417 en
567 2357 674 2418 Christi
697 2360 828 2419 instituto
850 2361 967 2419 viurntz
995 2376 1062 2419 cum
1091 2359 1168 2418 enim
1196 2360 1381 2437 temporaria
1408 2359 1463 2418 ista
1483 2357 1532 2417 lon·

250 2459 368 2537 gissime
391 2456 427 2516 ab
450 2475 481 2518 se
503 2446 638 2520 statuere
655 2459 812 2528 deberent,
837 2479 870 2521 ea
893 2461 961 2521 totis
983 2461 1087 2521 animis
1109 2467 1255 2538 occupant
1277 2479 1313 2520 ac
1327 2459 1421 2520 rebus
1435 2472 1554 2520 sumntn

171 2556 173 2559 ’
249 2558 368 2637 {pp-,3331
391 2558 501 2626 frivolis
523 2578 644 2638 operam
667 2561 752 2630 dant;
776 2563 805 2621 in
828 2564 963 2639 praesenti
987 2563 1064 2621 enim
1088 2559 1184 2624 duricia
1207 2567 1369 2641 quaesunt,
1386 2580 1420 2622 ea
1436 2568 1531 2621 sectrn·

133 2662 136 2669 '
249 2656 393 2738 ξξξῃᾝξξξῆ,
418 2658 425 2729 Ι
446 2667 511 2730 tur,
530 2678 570 2723 -ea
593 2661 829 2740 complectuntur
851 2683 885 2724 ac
907 2680 965 2740 pron
985 2664 1108 2724 sommis
1131 2662 1254 2730 hahent,
1279 2664 1308 2722 in
1332 2661 1466 2722 futurum
1487 2673 1531 2719 nou

249 2761 422 2832 considunt,
456 2780 554 2841 neque
576 2763 664 2824 huius
686 2765 796 2825 iaciunt
817 2763 865 2825 ilia
887 2771 1017 2825 ventura
1040 2765 1104 2824 vitre
1132 2763 1225 2833 bona,
1260 2781 1327 2842 quae
1358 2782 1424 2824 esse
1452 2770 1531 2823 tamen

250 2866 411 2945 loquuntur
433 2870 560 2934 tautum,
594 2883 653 2924 non
676 2866 801 2927 credunt
823 2867 924 2927 etiam:
960 2883 1027 2926 nam
1050 2868 1073 2925 si
1102 2865 1271 2933 crederent,
1291 2882 1369 2924 non
1398 2868 1442 2925 sic
1467 2858 1530 2924 luxui

252 2972 388 3029 vacarent
410 2973 439 3026 et
461 2965 590 3027 officium
614 2954 799 3035 desererent,
830 2967 966 3028 homines
988 2967 1059 3027 nihil
1081 2968 1185 3045 spiritu
1208 2973 1341 3035 utentes,
1374 2981 1475 3026 verum
1498 2963 1552 3021 ino

250 3070 326 3129 tuitu
348 3068 445 3128 oernis
467 3075 587 3146 agentes
610 3069 722 3136 omnia,
746 3069 838 3128 etiam
857 3070 1040 3146 cogitantem
1056 3087 1131 3146 qnos
1154 3068 1287 3128 videmus
1309 3077 1461 3144 unguenta
1476 3063 1530 3126 atos

249 3167 351 3253 mi,
379 3160 387 3228 Ι
410 3175 438 3228 et
460 3171 663 3231 suavissimum
686 3187 833 3248 quemque
856 3170 977 3231 odorem
1000 3168 1127 3230 molliter
1152 3168 1339 3247 flagrantem,
1370 3169 1442 3229 alios
1463 3179 1530 3244 spat

251 3272 399 3330 cissimum
423 3271 542 3330 fornicis
565 3288 707 3349 vaporem·
727 3271 804 3332 foede
830 3269 1024 3350 perolenteisr
1052 3277 1082 3331 et
1110 3278 1207 3333 tamen
1236 3271 1416 3332 Sacerdotes
1443 3282 1529 3329 romn-

239 3377 302 3430 tur
323 3371 499 3430 huiusmodi.

183 3463 383 3546 §.tttffttsstffssffuffl
417 3466 424 3536 Ι
488 3493 689 3536 ansuorscvs.
728 3474 764 3533 Et
786 3473 839 3534 soli
862 3492 937 3553 perte
960 3474 1071 3535 divitias
1094 3475 1191 3553 quiete
1213 3474 1375 3551 possident.
1535 3486 1552 3526 tt

317 3591 495 3634 nnnearon.
533 3572 587 3635 Hic
609 3576 789 3652 respiramus
812 3575 1005 3647 Mercatores,
1029 3594 1104 3655 qnos
1119 3576 1157 3636 ob
1174 3577 1310 3655 quesitas
1326 3576 1462 3655 cupidius
1475 3583 1530 3650 opes

252 3680 383 3735 extreme
406 3675 618 3736 condemnasse
642 3677 825 3738 videbamini.
1325 3699 1328 3703 ⁴

314 3794 514 3840 rumorosus.
553 3775 645 3838 Dixin'
675 3797 743 3839 vero
766 3797 922 3858 superesse
950 3778 1058 3858 quibus
1085 3796 1147 3857 prm
1176 3777 1224 3838 atii
1246 3779 1407 3857 praedones
1428 3793 1484 3837 non
1502 3772 1530 3831 π’·

252 3876 411 3938 derentur‘?
1259 3876 1263 3879 ’

315 3999 492 4042 ncncnron.
531 3980 646 4050 Dixisti,
670 3987 699 4041 et
720 3982 776 4041 iam
801 4001 865 4042 esse
888 3982 1026 4042 ostendis.
1346 4012 1349 4020 =
1537 3993 1554 4034 a

317 4101 516 4144 rnauc1sovs.
555 4081 647 4159 Igitur
669 4082 778 4142 in'hoc
799 4083 960 4160 nequiores
980 4082 1063 4143 vobis
1091 4089 1161 4142 sunt
1192 4082 1295 4142 divites
1324 4081 1369 4148 tri.
1406 4081 1482 4160 quod
1504 4089 1531 4135 et

255 4180 385 4243 instituto
408 4182 520 4243 divitias
540 4200 608 4242 cum
631 4181 757 4242 debeant
779 4172 984 4253 contemnere,
1021 4182 1091 4243 sotis
1119 4184 1164 4243 his
1192 4200 1246 4261 per
1275 4183 1320 4242 sas
1349 4191 1380 4243 et
1398 4182 1481 4242 nefas
1499 4180 1531 4237 iu·

257 4279 351 4349 hiant,
375 4282 553 4361 adsequutas
574 4284 604 4343 in
626 4281 696 4344 luxu
720 4292 749 4345 et
770 4283 886 4346 lascivia
908 4286 1076 4364 prodigunt.

257 4414 459 4425 Μ
523 4418 525 4422 a

324 4496 471 4563 ⁴ngentes
488 4504 514 4549 2.
573 4501 724 4552 ⁸Tnndem
742 4507 766 4553 1.
826 4500 847 4535 ¹⁴
866 4504 1017 4554 consulitur
1034 4505 1094 4554 edd.
1147 4503 1168 4535 ¹⁹
1188 4500 1225 4568 et]
1244 4504 1262 4553 i.
1278 4519 1302 4555 e.
1321 4519 1421 4569 neque.
1471 4501 1530 4545 ²⁰0⁸

257 4578 333 4657 totis]
358 4583 470 4633 insulis
488 4585 547 4633 edd·
600 4584 668 4624 ΜΝ·
689 4587 814 4652 ‘Pfoffem
834 4588 943 4638 idoneae
962 4591 1014 4638 und
1031 4585 1178 4652 Bepder'nen
1197 4586 1264 4637 sna
1281 4590 1351 4638 mett
1369 4605 1399 4639 so
1410 4589 1487 4650 actm
1500 4583 1529 4629 aa

257 4665 295 4711 cie
311 4664 446 4716 ccdeinerr'.
