3188 5422
47 388 117 456 [uc.
131 387 208 455 soei]
220 405 417 441 summersus
431 408 486 441 civ.
499 407 579 450 uror.
593 407 733 454 vennocus
746 407 1006 451 oeracrurarruvs
1023 410 1058 445 no
1076 409 1229 446 auersum.
1262 383 1337 457 50]

46 573 76 623 ot
100 582 154 638 ego
179 565 286 625 iuterim
307 564 491 638 septingentis
514 565 618 622 ducatis
641 566 791 625 fraudarer.
836 568 867 635 ad
897 568 962 628 boc,
986 567 1063 631 ,ultra
1092 570 1164 641 quod
1184 578 1410 636 ,cucumam-too.

47 650 216 709 nicationem
238 649 340 709 iniuste
362 649 390 705 in
412 667 441 709 sc
465 649 643 724 apostolicam
667 643 882 725 impetraverim,
912 652 1025 709 crimina
1053 652 1169 726 plurima
1188 672 1228 718 ¹ac
1248 656 1346 719 ‚falsis-

49 735 121 789 sima
152 734 347 807 apud18uecos
380 734 407 788 in
436 752 496 790 sese
525 734 625 808 perside
646 744 749 799 ,contra
773 735 928 811 legationis
953 737 995 793 ius
1019 738 1205 794 demittentis
1228 747 1345 801 ruentem

43 817 192 892 ,pontificis
215 818 388 892 congessisse
417 836 474 880 me,
505 820 604 875 acriter
631 829 748 877 accusat.
786 820 882 878 lisdem
904 820 999 876 deinde
1022 820 1110 877 literis
1135 822 1232 883 obnixe
1253 825 1346 881 saliuo-

10 904 120 981 sdurn
143 892 308 976 a'poutilice
330 903 445 962 raiarinro
468 904 552 977 petit,
587 912 617 959 ut
645 906 672 959 in
700 922 741 974 me
769 912 797 960 et
825 905 956 978 perfidum
978 905 1103 978 legatum
1126 914 1154 962 ct
1176 909 1345 980 proditorem

52 1005 136 1043 suum
165 995 238 1043 recte
267 1007 296 1043 ac
326 988 399 1043 iuste
428 988 637 1050 animadvertat,
672 1007 704 1043 ne
734 989 758 1044 id
789 989 847 1063 ipse
875 990 964 1045 lacere
993 1000 1122 1063 cogatur:
1158 991 1261 1065 alioqui
1284 1012 1344 1066 qute

51 1072 149 1127 nescio
173 1073 261 1128 omnia
285 1087 339 1146 qno
361 1081 443 1146 poeto
465 1089 512 1128 rex
545 1073 602 1146 ipse
632 1073 769 1134 rescierit,
803 1092 818 1129 o
846 1074 914 1130 meis
942 1074 1068 1148 proditus
1094 1092 1152 1131 noa
1175 1093 1238 1138 ,sum
1260 1087 1344 1141 ,certo

50 1157 127 1217 scio,
152 1157 259 1229 quando
283 1165 382 1230 preter
405 1173 487 1219 uncini
511 1166 556 1213 aut
579 1157 709 1219 alterum,
743 1158 775 1213 ac
796 1175 844 1215 eos
868 1158 931 1215 milri
955 1156 1115 1221 fidissimos,
1150 1161 1214 1234 quid
1234 1162 1344 1232 ,egerim

49 1260 106 1313 ego
130 1241 204 1295 novit
227 1258 319 1302 nemer,
353 1241 405 1296 nisi
436 1250 564 1315 quantum
596 1259 627 1297 cx
657 1242 742 1316 ipsius
770 1243 844 1314 regis
873 1245 1047 1306 accusatione
1071 1244 1215 1317 intelligo,
1244 1245 1344 1319 literas

14 1339 153 1381 revereor
175 1324 363 1399 interceptas:-
378 1326 475 1384 scribit
498 1327 568 1393 enim
593 1335 677 1384 totam
700 1344 760 1382 sese
783 1344 839 1391 rem
862 1326 950 1382 hostis
973 1329 1014 1382 sui
1036 1328 1130 1386 ¹literis
1149 1329 1342 1403 probaturum,

48 1410 77 1466 id
103 1409 176 1482 quod
199 1410 325 1483 prolecto
348 1410 421 1471 curis
444 1411 552 1466 anxium
575 1412 663 1468 reddit
685 1428 727 1471 me
756 1411 912 1468 admodmn:
941 1429 991 1468 nec
1016 1413 1075 1469 scio
1106 1431 1161 1486 quo
1190 1431 1232 1469 me
1257 1419 1412 1487 pauloeoo.

48 1495 104 1550 linc
128 1493 207 1550 turha
229 1493 363 1556 evolvam,
393 1495 446 1550 nisi
469 1496 541 1569 quod
565 1504 660 1561 contra
685 1496 773 1552 onmia
801 1513 831 1552 ea
861 1496 1074 1556 obstinatissima
1103 1498 1248 1571 negatione
1271 1498 1343 1564 ,mibi

50 1590 124 1652 opus
146 1586 202 1641 est,
225 1597 278 1652 qua
301 1579 388 1636 adhuc
411 1588 515 1636 tantum
538 1581 658 1654 proieci,
684 1589 713 1635 ut
735 1598 790 1635 uon
813 1580 901 1636 solum
921 1580 1134 1640 sindictomnon
1151 1582 1259 1646 timeam
1275 1600 1343 1656 pon-

50 1663 176 1725 tiliciam,
198 1679 290 1719 verum
313 1676 419 1737 sperem
442 1666 523 1721 etiam
545 1665 655 1721 fratrem
679 1682 721 1720 me
744 1683 825 1739 posse
847 1667 981 1738 captivum
1003 1684 1034 1721 es
1050 1667 1123 1740 regis
1138 1667 1261 1728 manibus
1278 1667 1344 1722 libe·

12 1762 129 1809 rarare,
159 1756 255 1820 agente
278 1763 333 1804 non
356 1748 444 1805 solum
467 1750 608 1823 pontifice,
639 1766 730 1806 verum
753 1750 795 1804 bis
824 1750 903 1806 client
932 1750 1025 1808 vicinis
1054 1751 1231 1824 principibus.
1283 1769 1343 1807 nun

50 1833 127 1906 quod
151 1831 231 1887 iussit
253 1833 389 1906 pontifex,
419 1834 507 1890 llaniae
530 1852 615 1908 regno
639 1834 740 1890 ricinos
763 1835 908 1908 episcopos
931 1834 1071 1893 ueritatem
1094 1835 1158 1890 lereti
1185 1835 1343 1908 diligentius

49 1917 231 1989 investigere,
256 1917 281 1972 id
305 1936 357 1991 ego
381 1926 408 1973 et
430 1919 524 1992 precio
547 1928 574 1974 ct
597 1919 724 1992 precibus
746 1918 896 1992 periculum
914 1918 1016 1975 leuiter
1042 1910 1198 1981 discutiam:
1228 1920 1341 1976 nienime

48 2001 180 2060 etiamsi
203 2018 245 2057 me
267 2002 498 2076 hic1aliqunmdiu
521 2006 696 2064 continuere,
730 2003 817 2059 dtrnec
848 2004 954 2059 tandem
983 2004 1064 2061 etiam
1093 2022 1141 2060 sua
1170 2012 1268 2077 sponte
1296 2022 1341 2059 res

38 2085 231 2148 conticescat,
255 2087 308 2142 boc
331 2088 404 2160 quod
426 2105 468 2144 me
490 2087 573 2161 aliqui
596 2089 677 2143 etiarn
700 2096 864 2144 monuerunt
887 2088 972 2144 amici.
1015 2089 1137 2162 Adeptus
1159 2096 1249 2151 tamen
1266 2088 1411 2152 ,etideeu

10 2171 162 2226 minterim
184 2188 257 2232 sum,
290 2170 475 2229 adiu-tentibus
498 2164 815 2235 fideliter'lttarc'mbte
850 2189 903 2246 quo
927 2173 1020 2229 hicet
1048 2174 1163 2236 honeste
1185 2190 1272 2245 agere
1299 2190 1343 2227 ve-

49 2255 121 2311 leam
151 2263 178 2309 et
209 2257 350 2329 pecuniam
373 2256 485 2330 insuper
507 2258 651 2313 corradere
674 2275 729 2312 non
752 2257 990 2321 contemnendam,
1019 2265 1049 2313 ut
1072 2258 1137 2315 mibi
1160 2244 1259 2321 eisdem
1282 2257 1342 2321 red·

48 2341 115 2395 ditae
137 2340 206 2399 sint.
231 2357 297 2412 quas
321 2340 386 2396 olim
409 2342 453 2397 bic
475 2342 557 2397 habui
582 2342 725 2397 incultates
747 2360 778 2398 ac
800 2342 894 2416 plures
917 2351 945 2397 et
973 2343 1090 2398 maiores
1118 2343 1213 2398 etiam:
1244 2341 1342 2414 quibus

49 2434 142 2483 tameo
166 2424 247 2480 buius
269 2425 392 2499 episcopi
414 2426 601 2488 consultores,
624 2426 743 2499 maligno
760 2427 859 2501 spiritu
872 2427 1006 2489 indurati,
1030 2427 1070 2482 uti
1086 2445 1128 2483 me
1144 2426 1343 2499 archiepiscopi

47 2509 162 2564 nomine
178 2517 336 2575 vetuerunt,
355 2510 380 2565 in
398 2510 522 2567 iniuriam
539 2519 564 2566 et
582 2520 766 2585 contemptum
782 2521 963 2567 sacrosancto
979 2510 1240 2584 sedisapostolicae.
1263 2511 1341 2568 dicti·

13 2601 144 2649 utentes
166 2594 274 2649 lrarrdes
297 2612 358 2650 esse
380 2603 408 2651 et
430 2596 595 2669 imposturas
619 2596 746 2669 quicquid
762 2614 828 2670 ago,
852 2596 974 2669 nihilque
990 2596 1061 2651 aliud
1082 2596 1173 2657 counri
1195 2612 1237 2651 me
1260 2612 1340 2667 quem

23 2686 190 2751 -utcnnque
211 2678 332 2752 deceptis
355 2679 494 2735 Germanis
516 2699 564 2735 eos
588 2681 700 2754 pecunia
723 2680 891 2754 despoliare,
924 2681 1040 2736 vendens
1068 2680 1181 2735 honesta
1210 2697 1241 2734 ac
1262 2678 1341 2735 inho·

48 2763 256 2836 nestaxomuia3
279 2781 310 2819 ac
331 2763 411 2837 plura
433 2765 513 2821 etiarn
538 2783 616 2838 quam
641 2764 704 2820 olim
728 2765 820 2820 Simon
845 2764 888 2821 ille
912 2783 1021 2837 tangus,
1045 2763 1077 2819 ed
1100 2764 1172 2819 Petri
1196 2763 1278 2836 pedes
1293 2778 1340 2836 pe·

48 2847 129 2904 cunia
152 2848 258 2921 posite,
287 2848 344 2904 dari
374 2849 578 2922 sibi'petierat.
620 2849 704 2917 Quam
734 2848 829 2905 vellem
859 2858 947 2904 tamen
975 2857 1002 2902 et
1024 2848 1123 2903 habere
1142 2864 1187 2904 ute
1206 2846 1409 2918 illaqueemur,

47 2931 277 2993 Petrushnbuit,
311 2934 427 3006 gratiam
448 2935 573 2990 videlicet
602 2934 771 3007 linguarum,
805 2934 920 3005 gratiam
950 2933 1135 2992 curationum,
1169 2931 1340 3004 leprosorum

14 3017 270 3078 aemendationem,
294 3020 528 3075 resuscitationem
552 3004 738 3080 mortuonim,
766 3017 918 3091 prophetiae
941 3017 1080 3090 spiritum.
1110 3033 1160 3088 per
1189 3016 1341 3088 impositio·

48 3119 111 3158 nem
135 3116 262 3157 manuum
286 3103 480 3158 immissionem
503 3106 588 3160 sancti
612 3104 741 3176 spiritus:
770 3104 899 3158 maiorem
922 3100 1046 3176 prolecto
1070 3100 1112 3167 bis
1135 3100 1199 3157 mihi
1224 3100 1340 3155 fructum

48 3188 184 3247 lacerem,
209 3203 287 3259 quem
311 3186 375 3242 olim
398 3188 496 3246 Petrus
519 3188 565 3244 ille
587 3187 740 3261 reliquique
763 3187 858 3242 rustici
882 3187 1004 3243 lecerunt
1028 3184 1164 3257 apostoli:
1188 3184 1286 3259 quibus
1309 3184 1340 3238 ad

48 3271 139 3327 omnia
165 3269 224 3332 ille,
248 3272 318 3327 unde
341 3271 393 3327 sibi
417 3288 507 3346 operes
530 3274 650 3346 precium
674 3273 763 3328 iacere
786 3271 941 3345 potuissent
963 3270 1121 3331 maximum,
1144 3288 1175 3325 ac
1198 3270 1342 3325 immensas

48 3371 211 3429 comparare
232 3347 355 3417 divitias,
378 3357 461 3412 etiam
485 3357 572 3413 rictirs
594 3359 680 3431 prope
703 3357 798 3418 deluit:
822 3356 920 3428 quibus
945 3373 1024 3428 quam
1048 3355 1200 3411 rectissime
1222 3354 1343 3428 dicipu-

18 3442 103 3498 sstuit
126 3440 153 3496 id
177 3440 249 3512 quod
273 3440 338 3497 olim
361 3442 388 3496 in
403 3441 505 3498 Punico
529 3441 601 3497 bello
617 3440 757 3497 llannibali
773 3439 906 3496 llaharbal
925 3441 1024 3497 dixisse
1044 3439 1145 3501 lertar,
1169 3438 1236 3518 ‘Non
1252 3439 1342 3494 omnia

48 3527 136 3582 eidem
159 3525 196 3580 dii
219 3524 334 3587 dedere'.
368 3526 474 3583 vincere
497 3527 647 3587 sciuerunt,
682 3536 708 3582 at
737 3527 849 3584 victoria
878 3526 917 3580 uti
947 3532 1096 3598 potuerunt
1124 3524 1242 3579 minime.
1287 3523 1410 3590 lumper.
1466 3580 1472 3587 ,

48 3627 112 3667 sero
136 3626 200 3665 cum
222 3609 289 3665 nihil
313 3618 414 3684 prester
436 3611 575 3668 olrastacea
604 3628 656 3684 ego
685 3612 767 3667 leram
796 3609 959 3684 diplomata,
988 3609 1056 3665 nihil
1084 3617 1186 3682 praeter
1214 3609 1341 3664 obtusum

47 3696 130 3750 etiam
156 3710 206 3750 usu
229 3695 313 3749 nimio
336 3695 515 3751 anathematis
539 3694 655 3758 lulmen,
684 3696 872 3751 remissionem
901 3694 1052 3768 discipliuae
1080 3692 1253 3767 apostoliea,
1281 3709 1342 3767 pcr-

41 3780 139 3843 ,lidiem
167 3777 266 3834 solutis
295 3779 467 3841 iuramentis,
502 3779 707 3853 abrogationem
738 3780 971 3835 sanctissimorum
999 3777 1193 3838 conciliorum,
1223 3792 1341 3839 ¹corona·

18 3866 157 3920 sotionem
180 3862 342 3926 stultorum,
366 3863 540 3937 largitionem
557 3866 697 3936 nigrorum
714 3864 884 3937 galerorum,
908 3862 1061 3936 multaque,
1085 3869 1116 3917 ut
1133 3862 1182 3934 ipsi
1199 3860 1341 3918 nldnuaut,

42 3946 173 4022 exempla
195 3947 353 4021 reipublicae
377 3948 537 4004 Christisnae
559 3949 801 4023 pernitiosissima,
831 3957 911 4021 atquc
939 3966 970 4002 ca
998 3948 1078 4002 etiam
1108 3945 1195 4000 omma
1220 3942 1340 4016 peculum

37 4051 129 4096 ,causa
152 4031 305 4094 dumtaxat,
334 4033 424 4088 minus
442 4041 556 4096 curant,
584 4041 762 4090 contemnunt
791 4034 887 4093 cucur:
922 4048 977 4104 quo
1005 4031 1087 4087 litut
1107 4044 1263 4089 merxnnea
1286 4042 1340 4082 nou

115 4297 125 4329 ⁴
146 4297 237 4348 Isdem
256 4298 282 4351 d.
295 4298 348 4349 litt.
370 4302 396 4351 3.
466 4298 488 4330 ²⁶
506 4299 582 4350 Idem
604 4300 650 4350 hic
672 4299 718 4348 t‘ur
740 4296 863 4361 Angelus
876 4295 1009 4346 Tacitum
1034 4292 1195 4347 (lorbeiensi
1221 4292 1343 4352 abbatiss

38 4382 166 4435 abstulit
184 4397 202 4431 s
220 4384 364 4434 Leonell.
391 4385 549 4449 quingentis
574 4382 715 4433 zecchinis
739 4384 858 4444 emptum
877 4378 1059 4442 Philippoque
1083 4376 1219 4426 Beroaldo
1244 4377 1343 4425 iuniori

36 4466 339 4521 edendumtrsditum.
396 4466 420 4498 ⁸⁵
439 4467 536 4533 fertur]
556 4469 611 4518 Lab.
626 4466 713 4518 XXII.
727 4462 768 4514 51.
788 4463 876 4523 „Turn
890 4461 1035 4515 Maharbal
1062 4462 1131 4526 ‘llou
1154 4462 1246 4512 omnio
1265 4461 1344 4531 nimis

34 4567 105 4604 rum
125 4550 216 4600 eidem
235 4550 274 4601 dil
292 4549 402 4604 dedere.
420 4552 541 4603 Vincere
554 4551 621 4611 scis,
646 4542 801 4604 Hannibal,
821 4547 940 4598 victorie
958 4547 1000 4596 uti
1018 4542 1128 4595 nescis'.
1176 4544 1284 4620 ²lQ11se
1303 4545 1344 4594 af-

34 4640 144 4691 ferent
162 4635 251 4699 legati
269 4635 446 4701 Apostoliei.s
514 4634 536 4666 ⁴²
555 4635 672 4684 dirteaut
684 4637 708 4683 1.
739 4631 875 4682 duntaxat
887 4635 912 4680 2.
922 4635 947 4703 3,
1005 4628 1066 4674 Μ·
1086 4629 1174 4679 ΟΙ)ιιΙο
1198 4645 1259 4680 mox
1280 4644 1347 4681 ,ren-

35 4721 141 4772 dende
161 4725 242 4773 erunt
259 4720 428 4781 saumana,
