3210 5416
433 365 572 411 nrnrouvs
592 378 729 412 oacocrro
749 379 813 412 nour
832 379 865 412 nr
885 379 940 412 aar.
1263 353 1337 422 547

41 533 193 589 literaturae
217 534 414 595 straditionem.
448 535 505 589 sive
528 534 630 590 Latinae
652 534 789 607 lecythus,
823 536 880 591 sire
906 535 1092 591 doctrinarum
1116 537 1236 593 omnium
1258 537 1337 593 abso·

40 617 126 673 lutrm
142 619 328 691 coguitionem
345 620 468 692 spectes'.
546 619 641 673 Leus.
671 621 807 691 agnosco.
873 620 966 674 lle-re.
995 619 1071 676 Nunc
1093 621 1169 676 virleu
1193 630 1219 678 te
1241 629 1406 680 secernito.

45 703 157 758 laetunr.
222 692 539 759 consectatorem:
570 721 630 775 quae
654 704 724 758 enim
747 722 761 759 a
785 721 827 761 nis
851 706 877 759 in
900 703 1040 760 britonum
1067 705 1166 778 scripta
1196 717 1273 771 suut,
1305 725 1336 762 es

43 787 165 848 insania.
188 804 246 844 nos
268 787 621 861 liumanitateprodieruat.
687 788 782 843 llere.
805 788 923 845 Gamrleo.
982 789 1076 844 beus.
1100 789 1214 863 Etipse.
1264 792 1406 865 lapset.

17 872 115 926 aleus
139 873 219 928 modo
242 873 322 945 sapit.
357 872 403 945 qui
426 871 496 928 valet
518 872 660 928 Eekiust
699 872 795 928 llere.
818 873 877 928 Non
901 874 1011 933 oriinino
1034 873 1109 931 inne.
1175 875 1242 948 lup.
1272 876 1336 930 l'or·

41 973 90 1011 sen
121 957 244 1029 quaedam
273 956 360 1011 arllmc
389 957 525 1013 intestinis
551 956 628 1011 birris
651 957 798 1014 inhaerent:
827 958 947 1013 noudum
976 958 1046 1014 euim
1075 959 1141 1018 satis
1170 961 1282 1030 candide
1302 962 1336 1016 de

41 1041 133 1100 ilitio.
156 1041 277 1097 Lutbero
299 1050 381 1114 atque
403 1041 480 1096 Zasio
503 1042 595 1097 sentit.
638 1042 777 1097 »lter-c.
806 1042 943 1098 ltarlieitus
971 1042 1107 1098 evellenda
1137 1052 1214 1099 sunt:
1249 1042 1335 1118 purga

41 1124 144 1196 igitur,
168 1125 303 1199 Podalyri.
382 1125 498 1182 Podal.
522 1126 636 1181 Faciam.
723 1127 798 1182 licit.
822 1127 893 1188 ileu,
918 1126 985 1187 lieri.
1010 1126 1072 1181 lello
1095 1135 1122 1182 et
1145 1127 1224 1183 rriello
1247 1131 1405 1186 tilianam.

38 1209 122 1264 rloloo
145 1211 216 1265 euim
240 1211 314 1286 iusta
336 1218 364 1267 et
392 1210 475 1265 valeo.
513 1211 563 1265 iarn
592 1211 649 1266 seio
679 1209 785 1283 qrralern
814 1211 925 1266 beroem
953 1211 1088 1267 bonorum
1118 1213 1271 1269 studiorum
1296 1215 1338 1269 lli·

18 1313 29 1341 o
41 1294 112 1348 tium
137 1287 255 1367 turpiter
277 1294 432 1356 laeerarim:
468 1312 540 1350 uuuc
569 1296 626 1351 scio
656 1313 735 1367 quarm
765 1296 919 1368 purissimis
947 1296 1025 1369 aquis
1056 1305 1149 1352 utatur
1176 1315 1263 1371 purus
1293 1299 1337 1354 illc
1381 1343 1384 1350 .

39 1378 194 1439 Lutlaerus.
229 1379 326 1453 quovis
349 1381 441 1452 potius
471 1397 551 1452 quani
578 1379 730 1452 superbiae,
765 1398 845 1452 qrram
875 1381 1066 1439 assentationis
1096 1383 1195 1454 spiritu
1223 1384 1336 1445 ductus:

39 1479 114 1518 nuuc
148 1464 236 1519 sentio
274 1481 354 1536 quam
392 1464 483 1536 inique
516 1464 637 1524 basium.
677 1465 926 1521 iau-econsultormu
963 1465 1127 1538 plneuicem.
1166 1465 1350 1541 inculpatus

38 1546 153 1602 Podal.
176 1548 287 1609 Patere,
311 1547 380 1622 borae
400 1548 482 1610 teki,
507 1548 559 1605 iarn
580 1548 688 1604 (lerinum
710 1549 864 1605 dolloceattc
894 1558 947 1605 tuae
971 1551 1189 1623 suppositiones.
1219 1570 1298 1624 quam
1321 1560 1405 1609 atta.

40 1632 145 1686 teneris
167 1628 244 1687 annis
267 1631 411 1694 imbibisti,
436 1643 548 1695 exeunt;
571 1642 664 1706 patere
688 1642 792 1704 gratus.
858 1633 931 1690 net.
954 1634 1058 1696 Patiar,
1082 1636 1163 1690 irnido
1186 1636 1264 1691 linctu
1287 1637 1336 1692 ali·

17 1716 151 1788 equando
174 1717 317 1790 adsequar.
394 1716 510 1773 Podal.
534 1719 635 1773 Aderit.
716 1718 810 1772 llere.
835 1720 975 1792 Sapientes
999 1718 1146 1792 'llicologi,
1169 1729 1258 1776 estote
1281 1722 1403 1784 toritas.

37 1801 128 1872 gratis
152 1802 225 1874 quod
248 1801 345 1857 morbo
367 1811 458 1857 rostro
481 1803 641 1875 gravissimo
667 1810 718 1857 tam
742 1802 890 1858 elementer
912 1805 1092 1877 prospexerit.
1157 1805 1284 1860 lickius
1307 1815 1334 1860 et

38 1885 138 1940 teus.
162 1885 270 1943 Summe
293 1887 425 1960 luppiter,
454 1905 535 1960 parce
559 1896 660 1943 nostrae
684 1888 808 1949 insaniae,
839 1906 892 1961 qua
921 1887 1008 1942 lionos
1037 1896 1118 1960 atque
1141 1889 1238 1944 ilortos
1261 1891 1334 1944 siros

38 1970 228 2034 traduximus;
260 1970 329 2026 alios
354 1971 522 2043 inposterum
544 1971 657 2028 habebis
681 1971 811 2027 homines.
871 1959 961 2045 'lup
996 1973 1105 2028 Parcam
1130 1973 1333 2046 lieuignissime,

37 2054 121 2110 modo
142 2053 235 2110 Poetis
257 2073 324 2111 suus
346 2055 425 2111 luror
447 2057 617 2112 restituatur.
696 2056 769 2113 Eelt.
804 2056 953 2112 Habebunt.
1040 2057 1135 2112 Lens.
1169 2057 1202 2114 Et
1225 2058 1249 2113 id
1273 2060 1402 2132 ‹put-oea

17 2138 102 2193 odero
126 2141 284 2212 synceriter.
349 2140 445 2204 llere.
480 2140 566 2196 Vultis
589 2150 619 2195 ut
642 2141 766 2196 retineam
791 2143 855 2195 vos‘?
920 2140 993 2195 liet.
1026 2140 1102 2196 Volo.
1174 2142 1267 2198 bens.
1302 2144 1334 2198 Et

37 2223 98 2296 ipsc
122 2241 286 2297 magnopere
309 2225 400 2298 cupio.
454 2225 551 2280 llere.
574 2225 688 2281 Nomine
704 2236 794 2281 restro
810 2225 981 2298 l‘odalyrinm
998 2225 1126 2280 exolvere.
1183 2226 1254 2283 Eris.
1279 2228 1334 2282 b'isi

36 2325 81 2363 rue
106 2307 192 2363 adbuc
215 2308 362 2382 particulas
386 2310 514 2381 quesitam
538 2309 662 2364 stultitiae
686 2312 790 2383 spirare
813 2311 932 2370 diceres,
963 2311 1093 2365 referrem
1117 2311 1179 2372 tibi.
1210 2312 1334 2373 llereuri,

36 2393 177 2465 quomodo
208 2411 250 2448 me
278 2411 366 2467 nuper
396 2393 522 2449 omnibus
551 2394 619 2449 meis
649 2396 765 2450 intramnis
788 2394 960 2450 esclmlciarit
983 2395 1093 2450 liborum
1116 2406 1238 2452 scortum
1261 2396 1335 2451 ealli-

35 2477 195 2534 dissimum:
224 2486 331 2534 noctem
354 2479 424 2534 enim
447 2496 508 2534 curn
532 2480 716 2553 promisisset,
746 2481 874 2553 pecunias
897 2480 1016 2553 recepit,
1045 2489 1102 2535 turn
1132 2498 1175 2535 me
1205 2482 1335 2536 frustrata

34 2831 111 2879 cium
124 2829 281 2880 dedolatum
296 2830 496 2880 adnotavimus.
533 2830 622 2880 alello
637 2836 665 2879 et
678 2830 768 2893 molle,
783 2837 808 2877 ut
821 2845 875 2891 rios,
890 2827 961 2892 loiret·
973 2829 1026 2882 utto
1040 2828 1094 2894 liiii.
1133 2829 1153 2860 ¹⁰
1169 2827 1262 2895 purrrs]
1277 2831 1333 2883 lort=

33 2918 82 2966 ter.
103 2914 388 2964 ndL11tberiuomen
407 2914 532 2964 adsonat.
589 2913 611 2946 ²⁸
630 2910 750 2977 erornae]
776 2913 955 2963 Memorabile
975 2912 1008 2961 de
1028 2914 1113 2961 Eecio
1137 2914 1332 2973 testimonium,

35 2999 172 3062 qaronrodo
190 2999 284 3049 Romae
303 3015 332 3049 se
352 3001 482 3065 gesserit,
503 3004 580 3048 (extat
599 2999 627 3048 in
646 2997 766 3063 epistula
785 2998 885 3046 incerti
899 2999 1056 3062 scriptoris,
1077 3013 1157 3060 quam
1168 2997 1333 3047 Riedererus

34 3081 208 3146 (teneriores
221 3097 266 3149 arar
276 3083 401 3147 aaronis,
418 3082 565 3148 dictemus:
579 3081 632 3136 nid
645 3081 894 3147 tiiidirrztbdrtiiditr.
910 3081 979 3135 ntro.
988 3081 1061 3131 1764.
1075 3082 1111 3131 8⁰.
1126 3083 1146 3130 1.
1161 3098 1186 3146 p.
1197 3081 1251 3130 iro.
1260 3082 1332 3147 sqq.)

33 3167 202 3232 publicavit.
223 3168 331 3234 „Super
349 3169 441 3217 omnia
460 3184 525 3218 vcro
544 3173 682 3217 iniereator
706 3167 753 3217 ille
772 3167 927 3228 Praeberns,
952 3167 998 3230 qui
1020 3167 1164 3231 plurimum
1190 3167 1224 3215 ob
1248 3182 1330 3240 pecus

34 3254 102 3302 nias
121 3254 205 3303 Rome
223 3258 328 3318 potest,
360 3257 455 3318 utpote
474 3268 554 3317 quem
572 3253 717 3302 Numerum
741 3268 834 3316 rogem
857 3266 957 3301 roesrc
982 3251 1085 3311 solent,
1118 3251 1281 3300 Pontificem
1306 3257 1334 3301 et

34 3352 93 3386 suae
113 3337 246 3387 iectionis
263 3337 387 3387 homines
412 3337 607 3400 exacerbavit,
638 3352 692 3386 nen
715 3342 821 3385 tantum
845 3336 951 3385 invidia
974 3336 1085 3397 dinetus,
1116 3336 1165 3386 sed
1190 3338 1274 3386 etiam
1298 3337 1331 3386 de

34 3427 134 3486 questu
153 3436 203 3470 suo
222 3437 254 3470 ae
273 3422 469 3472 beneficiorum
488 3426 645 3470 mercatura
664 3420 814 3481 sollicitus,
834 3420 1010 3485 plurimorum
1029 3423 1188 3486 Principum
1208 3423 1331 3471 fororem

34 3505 166 3555 Pontifici
184 3508 360 3571 promittens,
381 3507 429 3555 nbi
448 3508 503 3556 vim
522 3512 619 3556 eontra
637 3507 785 3556 blartinum
810 3503 967 3570 [liutherum]
993 3507 1158 3565 intentaret,
1185 3522 1217 3555 ac
1238 3508 1331 3555 eiusce

34 3592 75 3639 rei
95 3606 183 3640 carisa
201 3591 319 3640 Iiclriurn
338 3591 414 3640 illum
433 3606 511 3640 sirum
529 3593 643 3644 Rostrum
662 3591 750 3652 irrisit,
770 3605 824 3640 non
843 3592 966 3656 ineptum
985 3591 1069 3640 curiae
1083 3592 1214 3641 Romanae
1233 3592 1331 3639 irretra-

34 3682 170 3735 mentum,
195 3676 218 3726 si
238 3674 403 3724 temulentia
423 3676 546 3736 abesset,
576 3662 831 3736 nam-temeritate,
861 3676 994 3739 audacie,
1023 3677 1190 3735 mendaciis,
1219 3674 1330 3723 siruula-

35 3761 127 3819 tione,
148 3759 307 3808 adulatione
328 3765 357 3810 ct
375 3761 477 3810 ceteris
495 3761 577 3809 viciis
597 3762 672 3809 curie
691 3761 765 3826 raptis
784 3761 896 3826 egregie
914 3761 1010 3826 pollet.
1040 3745 1141 3810 l'erurn
1160 3759 1220 3807 solo
1238 3759 1330 3807 obsta-

34 3843 83 3893 bat
102 3844 240 3905 ebrietes,
265 3844 359 3906 Italis,
382 3850 413 3894 nt
435 3846 521 3908 nosti,
546 3861 677 3910 perquam
703 3846 812 3906 odioso,
838 3846 887 3895 scd
912 3852 940 3895 ct
962 3847 1033 3895 lione
1056 3846 1131 3895 furor
1155 3848 1183 3891 et
1206 3841 1330 3906 potentia

34 3929 156 3978 Fnolreri
175 3929 351 3990 conciliavit,
372 3935 399 3978 el
418 3931 446 3979 in
466 3930 596 3979 virtutem
615 3933 764 3991 convertit,
789 3947 841 3980 noe
860 3931 974 3979 ‹lelrrcre
994 3930 1039 3993 qui
1059 3929 1099 3977 illi
1119 3926 1327 3992 applauderent,

34 4012 71 4062 nil
96 4013 187 4077 magis
211 4012 362 4063 Germanos
384 4013 551 4064 ternulentos
576 4031 657 4079 quum
681 4015 860 4065 temulentum
884 4014 983 4062 decere
1000 4012 1134 4075 ¹legatum
1163 4013 1328 4066 asserentes,

34 4077 274 4162 temeritatemque
297 4099 456 4148 temeritate
480 4099 679 4148 retundendam
703 4114 764 4148 csse
787 4094 1083 4148 dicentes....Bello
1105 4095 1189 4158 igitur
1217 4093 1329 4143 decreto

34 4181 141 4231 llckins
159 4181 314 4244 mandatis,
340 4183 481 4247 promissis
500 4189 529 4233 ot
546 4181 631 4232 bullis
650 4189 780 4232 oneratus
799 4187 854 4243 est,
881 4186 909 4230 ct
926 4179 1089 4254 iussus,·ut
1108 4184 1218 4244 strenue
1243 4192 1326 4241 nego·

34 4268 100 4315 tium
120 4271 233 4331 ageret,
254 4267 300 4331 qui
319 4283 431 4332 operam
449 4283 525 4317 arram
541 4272 697 4332 «promptam
716 4265 816 4315 obtulit
835 4280 867 4313 oc
887 4264 970 4313 ritum
989 4278 1038 4327 pro
1056 4261 1138 4310 laude
1163 4262 1216 4310 imo
1234 4262 1329 4326 precio
1390 4333 1394 4339 .

34 4349 144 4399 obtulit.
181 4349 310 4400 Ceterum
329 4350 438 4402 felleris
457 4357 500 4413 tu,
531 4352 554 4400 si
580 4351 669 4400 credis
693 4349 769 4398 illum
794 4365 810 4398 a
829 4347 964 4397 Pontifiec
989 4347 1078 4394 uraniis
1102 4338 1233 4394 donatun'r
1257 4360 1328 4403 osse,

34 4448 85 4484 non
105 4434 329 4485 cnim⁶Pontiiex
347 4436 480 4500 pecunias
504 4435 570 4483 dare
594 4433 749 4494 certauerit,
775 4433 824 4482 sed
847 4431 985 4494 occipere.
1022 4429 1124 4491 erodsi
1148 4428 1253 4478 Eelrius
1278 4428 1328 4478 ali·

33 4533 101 4582 quas
120 4520 233 4584 aceepit
251 4521 398 4585 pecarnias,
423 4535 476 4568 non
495 4534 512 4568 a
531 4516 679 4577 Pontifiee,
704 4516 752 4565 scd
770 4517 897 4566 Fuckero
922 4513 1046 4578 aceepit,
1076 4514 1200 4578 quamvis
1224 4529 1275 4562 nee
1301 4512 1329 4561 id

33 4603 212 4665 crediderim,
238 4603 306 4653 lieet
324 4603 483 4653 Fuclreruni
507 4601 646 4651 alfirrneut
664 4601 781 4650 Eckium
804 4600 932 4647 (lentatum
957 4614 1028 4646 esso.
1065 4597 1119 4647 Sed
1142 4597 1195 4660 bec
1214 4612 1327 4646 eonsue-

29 4688 98 4746 tndo
118 4694 161 4738 est
179 4689 264 4738 carim
285 4695 313 4738 et
335 4688 510 4751 insolentium
534 4686 658 4751 propriu,
688 4683 773 4734 multu
797 4682 929 4734 videlicet
951 4684 1124 4746 promittere,
1150 4696 1240 4747 pauca
1264 4697 1328 4731 vero

1034 4764 1101 4827 35*
