3232 5422
224 396 298 445 vul.
368 412 459 446 arnna
479 412 501 447 a.
523 413 682 450 ravennatus.
736 412 875 448 nrauoova
895 410 1080 450 arvernate-vs.
1116 399 1202 465 (tato.)
1285 385 1357 458 319

128 585 302 626 averanus.
341 565 393 625 llio
415 582 485 642 age,
508 567 569 635 dic,
594 569 695 644 impia,
721 585 820 629 verum
844 567 923 645 loqui
946 576 990 628 est
1012 570 1142 630 insania?
1259 570 1427 656 'maan

128 680 241 727 arnna.
280 666 312 726 lu
334 666 400 727 loco
422 675 481 738 est,
506 667 624 746 quando
647 670 774 728 iniussus
790 667 926 746 loquitur
948 671 1044 748 quis,
1062 672 1139 751 apud
1162 674 1286 750 eosqui
1308 693 1358 733 au·

59 767 132 827 dira
155 767 263 837 nolint,
286 770 315 829 in
337 787 371 828 re
393 770 548 839 invidiosa,
566 777 604 831 ut
627 769 674 831 ille
696 771 745 833 diu
768 771 835 830 iam.
881 771 919 830 do
941 789 1000 849 quo
1022 773 1046 832 si
1068 774 1160 850 sapis,
1183 775 1302 852 quiesce
1319 781 1358 835 tu.

128 888 302 932 avrrnuvs.
341 870 382 931 be
405 870 535 946 Lutbero
563 874 716 951 quiescere
744 872 867 932 forsitan
895 874 1019 949 possim,
1054 873 1090 934 de
1118 872 1253 935 libertate
1272 875 1359 939 vhaud

28 972 113 1031 sita.
153 989 241 1050 quam
264 990 317 1032 cur
339 990 410 1032 ausa
439 991 473 1034 es
498 973 608 1035 violare
637 992 725 1035 manu
753 973 915 1052 sacrilegat
949 993 1003 1034 cur
1030 994 1100 1036 ausa
1129 978 1178 1035 est
1210 978 1267 1037 iam
1295 977 1426 1036 bractea.

61 1072 136 1132 mibi
160 1073 353 1150 expostulatio
376 1082 472 1135 tecum
495 1082 572 1135 esto:
604 1075 673 1153 quid
701 1075 752 1136 tibi
773 1074 1006 1136 cumlibertate
1029 1077 1208 1148 Germania,
1238 1086 1270 1139 ut
1288 1098 1357 1139 rna·

62 1192 122 1232 uus
145 1174 214 1235 huic
235 1176 364 1235 inlicias?
387 1176 482 1254 quid,
495 1177 633 1256 inquam?
946 1183 950 1192 '

130 1296 240 1337 unna.
278 1277 341 1337 lloc
363 1279 456 1346 euim,
480 1279 560 1356 quod
583 1296 650 1339 cum
673 1297 726 1340 suo
750 1279 856 1358 eumue
877 1281 1032 1357 mancipio.

41 1444 43 1447 ,
128 1395 302 1440 nvrrsnvs.
341 1378 432 1458 lgitur
454 1381 632 1458 mancipium
656 1388 700 1441 est
722 1380 856 1441 Libertas
878 1389 977 1465 nonra
1003 1377 1127 1446 tuumll
1149 1379 1359 1467 ¹5¹,'¹,‘,‘,¹,⁴,3„ss⁰fflt,”,⁵?¹

37 1488 124 1549 trost,
148 1481 292 1558 pessima?
644 1492 646 1497 ’

128 1602 240 1644 snus.
261 1583 327 1643 ,sic
350 1601 421 1643 vero
442 1584 584 1645 existimo.

129 1704 303 1746 averanus
342 1684 386 1744 liii
409 1691 438 1745 te
460 1685 599 1763 perdant,
624 1702 753 1755 vesana,
778 1703 897 1746 vaecors,

128 1806 241 1848 avana
279 1786 322 1847 bii
344 1793 374 1847 ta
397 1786 562 1856 eradicent,
587 1786 710 1856 iuriose,
735 1788 868 1856 lanatico,
892 1805 997 1849 ausum
1020 1789 1111 1851 saeris
1132 1787 1198 1854 bul·
1222 1782 1229 1854 Ι
1251 1787 1360 1864 ibim

63 1887 100 1947 lis
124 1887 316 1956 maledicere,
340 1888 419 1967 quod
442 1896 628 1949 ante-nemo.

31 2001 51 2042 ¹⁵
131 2004 305 2052 morsuve.
344 1989 487 2068 Expecta:
511 1991 566 2050 iam
590 1990 665 2051 male
687 1991 820 2051 tractabo
843 1993 938 2051 etiam.
976 2034 978 2039 ⁷

131 2112 242 2153 smus.
280 2092 324 2151 Tu
347 2111 395 2152 mo
417 2094 514 2151 mittes
536 2111 623 2161 vero,
657 2096 680 2152 si
708 2101 788 2152 recte
816 2092 920 2152 iacias:
954 2110 1020 2153 uam
1049 2093 1073 2151 si
1101 2095 1279 2170 pertinacius
1306 2094 1428 2154 obl-‘¹⁵-

60 2196 172 2254 sistere
194 2193 266 2253 mibi
288 2193 469 2263 decreveris,
493 2194 560 2254 laxo
584 2195 708 2273 pessime
730 2195 760 2253 in
782 2195 912 2255 medium
933 2194 1021 2255 hodie
1044 2197 1239 2272 processeris;
1263 2197 1360 2275 itaquo

59 2298 144 2356 sinas
168 2295 236 2355 bino
258 2294 340 2355 abire
362 2313 418 2355 me.

130 2416 304 2459 nemesus.
343 2396 408 2457 Non
430 2397 512 2457 sino:
534 2414 601 2457 uam
624 2413 683 2476 quo
706 2397 794 2457 abitio
815 2397 952 2458 tibi-esti

3 2506 48 2547 ²⁰
133 2520 245 2560 avana.
283 2499 368 2559 llnde
389 2499 519 2576 praedam
542 2500 659 2560 auterre
682 2498 767 2559 decet
788 2517 848 2569 me,
872 2507 901 2560 et
922 2500 1112 2579 triumphum.

131 2620 306 2662 namura.
344 2599 430 2660 Prius
462 2601 518 2661 sub
551 2602 652 2678 iugum
686 2602 798 2670 mittam
829 2601 891 2661 bio:
926 2604 997 2662 tanti
1031 2602 1079 2662 illa
1112 2602 1163 2662 tibi
1198 2603 1362 2664 constiterit

61 2702 244 2780 triumphus.

131 2825 243 2865 avana.
281 2804 380 2874 Mitte,
404 2807 538 2885 inqrmm,
562 2824 625 2875 me,
655 2822 714 2864 non
736 2804 791 2865 sub
815 2805 931 2881 iugum,
961 2804 1011 2865 sed
1038 2805 1068 2864 in
1084 2804 1262 2865 saxoniam:
1293 2824 1360 2866 nam

66 2906 139 2985 quid
162 2905 214 2966 tibi
237 2924 354 2966 naucum
375 2913 435 2975 est,
458 2906 619 2984 sacrilege?

1 3011 49 3055 ²⁵
133 3027 308 3070 uvrrnuvs.
347 3007 423 3078 Quid
446 3007 499 3068 tibi
521 3027 588 3069 cum
611 3008 768 3068 Germania
792 3015 849 3077 est,
873 3007 1048 3086 perlldiosal
1255 3006 1359 3083 &23qu

131 3129 244 3170 avana.
282 3108 378 3178 Quid?
400 3111 574 3187 quasivero
597 3128 705 3170 novum
728 3108 762 3170 sit
787 3110 934 3187 negociari
957 3109 1004 3169 hic
1023 3107 1130 3169 bullas.
1370 3113 1430 3162 §,:u.

132 3230 307 3272 avrrsuvs.
346 3211 435 3272 Vetus
458 3218 515 3279 est,
545 3211 652 3279 fateor,
681 3211 731 3270 sod
756 3213 896 3271 vetustius
918 3211 1014 3271 adbuc
1037 3209 1128 3271 multo
1150 3210 1253 3270 abesse
1275 3210 1359 3277 binc:

66 3320 157 3392 atque
179 3312 269 3388 igitur
291 3319 435 3374 vetustum
458 3314 536 3392 quod
560 3315 652 3389 magis
674 3319 737 3379 est,
761 3331 928 3391 sequemur.

133 3434 243 3476 arnus.
281 3416 324 3475 lln
347 3432 406 3473 non
430 3415 472 3474 las
495 3421 538 3475 est
559 3414 692 3475 Pontifici
715 3413 848 3474 llornano
875 3415 990 3475 mittere
1019 3414 1078 3475 buc
1107 3422 1258 3477 creatuuas
1285 3423 1432 3484 suasca.

6 3516 53 3561 ³¹³
68 3521 102 3575 ut
126 3514 209 3574 robis
232 3517 396 3593 imperent?

134 3637 308 3686 maranus.
346 3615 501 3686 Quomodo
524 3636 588 3678 esse
611 3618 728 3695 posset?
1385 3690 1387 3693 v

134 3738 245 3779 nunus.
282 3718 402 3778 Nescis?
425 3738 459 3779 ex
476 3719 647 3779 medisces:
665 3718 823 3797 imperium
839 3720 1002 3780 Romanum
1020 3720 1165 3781 dederunt
1186 3733 1194 3800 Ι
1216 3719 1364 3796 Ήξῗῖῃξῗο·
1426 3722 1432 3737 ’

68 3819 153 3880 robis
168 3819 325 3880 Pontidoes
339 3819 480 3889 Romani;
504 3820 622 3880 obtule
644 3838 730 3879 strum
753 3821 890 3882 meritum
914 3840 930 3881 a
953 3821 1034 3882 vobis
1057 3824 1191 3900 exigunt,
1215 3830 1247 3881 ut
1268 3821 1364 3882 bullas

70 3921 173 3981 ieratis
194 3920 242 3980 bic
265 3927 294 3980 et
315 3920 426 3999 legatos
450 3929 478 3982 et
500 3922 652 3982 honestam
675 3922 898 3983 Curtisanorum
920 3924 1161 4000 negociationem.
1238 3996 1240 4000 Ι

8 4021 55 4070 ²³·
136 4042 310 4084 narratus.
347 4022 409 4083 Nec
425 4023 586 4101 Epicureos
601 4024 668 4083 talia
685 4023 850 4085 fabulantes
866 4022 974 4084 audivit
991 4025 1156 4102 antiquitas.
1195 4029 1274 4082 recte
1298 4040 1364 4100 per·

69 4125 187 4185 suasisti
203 4142 263 4183 non
278 4142 342 4185 esse
356 4125 473 4187 inanem
487 4132 532 4193 te;
550 4143 616 4184 narn
631 4143 711 4185 nunc
726 4126 832 4188 videris
847 4126 920 4186 mihi
933 4142 1079 4201 nugarum
1091 4142 1154 4184 esse
1166 4124 1363 4184 refertissima.

134 4245 248 4287 avana.
285 4224 347 4303 ligo
370 4226 517 4304 quoddam
540 4244 605 4287 sum
628 4228 835 4304 Cornucopia,
859 4225 909 4285 ubi
931 4226 1007 4285 inest
1028 4226 1107 4304 quod
1122 4223 1197 4283 volo.
1216 4219 1432 4309 lssssffl‘ffltas.

136 4339 300 4388 bassanus.
338 4325 446 4387 Verum
469 4328 548 4397 dicit,
582 4328 728 4407 quoddam
757 4329 838 4407 quasi
870 4344 962 4386 cornu
990 4332 1034 4385 est
1062 4324 1144 4386 malae
1174 4327 1279 4403 coum,
1312 4326 1364 4386 ubi

72 4428 132 4490 doli
167 4431 281 4495 insunt,
316 4429 445 4497 techna,
477 4429 611 4496 fraudes,
647 4429 769 4495 ollutiae,
805 4425 919 4494 sutelae,
957 4427 1168 4505 sycophantia,
1203 4427 1363 4496 mendacia,

20 4531 150 4597 *rinch
173 4530 304 4594 astutiae,
328 4531 472 4607 pertidiaa,
496 4530 624 4599 scelera,
647 4531 732 4591 malm
754 4536 846 4596 artes;
870 4528 914 4587 bis
936 4529 1044 4588 relerta
1067 4535 1119 4587 est.

143 4663 194 4695 ¹²³³
208 4663 444 4727 'lerent.purniru.·.
463 4664 486 4696 ³⁷
500 4664 666 4730 Genuum.
703 4664 726 4695 ⁸⁰
737 4660 1130 4727 Cf.Puul.Diuc.vv.0ffledus,
1144 4663 1246 4712 Saetaba.
1290 4663 1311 4697 ⁸⁰
1325 4681 1367 4714 ur-

72 4755 116 4798 tea
130 4746 178 4798 liae
193 4752 217 4797 1.
232 4750 273 4797 aio
285 4753 310 4800 2.
1282 4760 1284 4763 ’
1303 4763 1304 4767 ’
