3188 5422
233 349 307 418 416
438 365 501 414 llll.
570 379 717 415 anurarvs.
738 399 739 404 =
787 381 927 416 urauouva
947 382 1124 417 aususausus
1143 368 1323 429 (susurrans).

232 542 318 602 tuuc,
341 533 503 593 istiusmodi
526 532 605 594 lerre
626 533 799 594 iudustriam
823 534 1021 595 barbaricum.
1057 552 1146 615 qaam
1164 535 1205 595 ob
1224 555 1293 601 rem
1307 552 1376 598 eum
1400 545 1429 600 el
1453 542 1522 616 opti·

232 654 311 696 nrum
333 635 386 694 iste
409 642 531 694 conatus
553 635 600 694 sui
621 653 753 704 caussam
777 635 931 704 babuerit,
956 644 985 697 et
1007 638 1240 698 tamumaaimu
1264 657 1299 698 ae
1323 640 1430 700 virtute
1449 639 1533 699 mili·

235 738 349 815 tarique
371 737 493 797 scientia
517 735 652 806 valuerit,
677 756 773 816 neque
795 737 881 799 aliter
903 757 992 817 (mam
1009 739 1050 799 ad
1072 741 1174 817 patriae
1197 739 1389 800 commodum
1408 739 1522 819 pertet-

232 844 309 898 tatus
338 839 388 907 sit,
423 839 636 917 minimumque
662 839 737 899 vitiis
765 841 966 924 concesserit,¹
995 838 1068 900 non'
1092 840 1192 910 rideo,
1226 859 1282 919 per
1310 841 1440 911 lovem,¹
1461 843 1522 920 quis

164 950 182 999 ι.
189 953 223 997 u.
233 941 342 1000 rectius
357 939 571 1016 Imperatorum
594 957 727 1001 summus
749 940 851 1002 baberi
867 941 986 1009 debeat;
1010 941 1202 1003 neudubinm
1219 950 1264 1003 est
1279 945 1368 1022 quin,
1392 945 1416 1004 si
1430 945 1537 1021 primos

200 1118 202 1123 Α
231 1043 327 1101 statim
350 1040 517 1111 vobiscum,
541 1060 558 1100 u
581 1041 761 1112 Alexander,
784 1043 984 1103 contendisset
1006 1042 1068 1112 bie,
1098 1043 1226 1121 palmam
1248 1043 1380 1104 ei'ultro
1398 1045 1522 1109 ,sotim

231 1159 309 1203 sern:
344 1161 424 1203 nunc
447 1144 520 1211 iam,
554 1144 622 1220 quia
645 1143 724 1221 quud
745 1144 905 1205 iudicatum
929 1143 1019 1204 semel
1042 1144 1091 1204 bic
1113 1152 1157 1204 est
1178 1146 1351 1209 rescindere
1382 1145 1453 1207 illud
1484 1147 1521 1206 las

232 1244 385 1321 probibet,
409 1260 505 1323 neque
528 1246 719 1304 constitutum
742 1252 809 1305 oute
832 1234 969 1306 ordinem
987 1264 1107 1306 movere
1122 1245 1204 1314 licet,
1228 1249 1299 1308 satis
1315 1247 1429 1308 babere
1443 1247 1521 1308 deuel

233 1354 276 1422 tp,
310 1347 437 1412 Armini,
472 1345 530 1405 hoc
551 1348 580 1406 iu
603 1347 692 1406 animi
714 1349 855 1407 sententia
874 1365 943 1417 esso
966 1348 1054 1425 mibi,
1088 1348 1167 1426 quod
1194 1347 1293 1408 verbis
1315 1368 1437 1427 quoque
1455 1368 1521 1428 pro·

162 1444 433 1517 §.renunciassem
458 1448 482 1506 si
505 1466 572 1507 curn
595 1449 655 1506 istis
677 1447 848 1508 ambitiosus
870 1442 988 1509 tu'csse
1010 1448 1166 1518 voluissem
1190 1451 1344 1527 quievero
1360 1450 1545 1534 luistilibeor

231 1555 312 1608 rator
334 1550 515 1617 Germaniae,
538 1556 567 1608 et
589 1547 667 1608 bello
689 1567 744 1627 pro
766 1549 902 1611 libertate
923 1559 1062 1628 suscepto
1084 1552 1222 1611 inuictum
1249 1570 1357 1639 omnes
1386 1555 1520 1612 conlitea-

231 1658 293 1718 tur,
318 1669 413 1728 neque
434 1650 475 1711 ibi
497 1649 543 1711 rel
564 1650 687 1728 periculi
709 1651 776 1730 plus
800 1652 934 1712 exhausit
955 1654 1111 1732 quisquam
1128 1651 1176 1712 uel
1199 1639 1350 1712 commodi·
1379 1655 1408 1713 in
1432 1653 1519 1733 publi·

230 1771 298 1812 cunr
322 1759 474 1813 assentitus
496 1759 555 1822 est,
585 1753 681 1830 placet
703 1770 770 1813 cunr
793 1753 893 1815 Brutis
915 1772 1028 1832 ponere
1049 1743 1081 1813 te'
1101 1761 1130 1814 et
1151 1755 1228 1814 inter
1249 1756 1355 1832 patriae
1384 1755 1519 1816 libertatis

230 1853 358 1929 vindicus
379 1856 475 1932 primo
498 1854 580 1923 loco;
605 1853 750 1914 Mercurio
774 1863 872 1917 autem
894 1856 964 1916 buic
985 1856 1137 1934 negotium
1159 1856 1213 1924 do,
1242 1857 1328 1916 utin
1352 1858 1434 1924 luro,
1463 1856 1518 1935 pla·

230 1956 298 2025 teis,
322 1949 416 2024 unco,
440 1956 530 2016 triviis
553 1964 581 2016 et
604 1954 707 2016 ubiubi
728 1957 880 2017 bominum
903 1976 938 2017 ao
960 1957 1084 2017 deorum
1106 1958 1269 2035 frequentia
1300 1965 1361 2026 est,
1392 1971 1538 2036 pronum-¹⁵

229 2059 285 2117 ciet
307 2059 468 2118 Arminium
499 2057 680 2118 Clreruscum
709 2057 907 2128 liberrimum,
941 2059 1161 2127 invictissimum
1190 2065 1220 2123 et
1245 2058 1514 2126 Germanissiurum,

229 2160 331 2236 sicque
352 2158 581 2238 iubeatpassim
604 2159 642 2219 ab
665 2160 802 2220 omnibus
824 2159 980 2220 acclamari
1002 2159 1072 2220 tibi:
1096 2159 1127 2219 ld
1144 2160 1222 2238 quod
1237 2160 1393 2221 decretum
1411 2169 1439 2221 et
1453 2179 1514 2220 con·

229 2261 362 2320 stitutum
385 2267 462 2329 esto,
486 2242 583 2340 neque
604 2259 656 2321 ulli
678 2263 802 2341 postlrae
825 2262 969 2341 refragari
992 2261 1085 2322 liceat.
1170 2306 1171 2309 ,

160 2364 218 2414 un.
293 2380 488 2423 aasumensi.
527 2363 563 2422 At
590 2366 705 2424 servivit
732 2363 889 2442 aliquando
915 2364 978 2432 bic;
1009 2383 1063 2441 ege
1090 2377 1209 2441 semper
1237 2381 1311 2432 rex,
1339 2382 1459 2442 semper
1479 2364 1514 2423 lui

226 2462 311 2523 liber.
632 2481 639 2489 “
1521 2475 1547 2515 ²·

245 2626 260 2647 x
290 2585 449 2627 neuturus.
485 2566 549 2643 Ego
572 2568 692 2629 minime
715 2577 784 2628 vero
807 2575 904 2628 mente
927 2567 1072 2628 obnoxius
1094 2565 1145 2627 ulli
1167 2584 1298 2645 unqsram
1323 2566 1382 2627 lui:
1404 2571 1542 2644 semper

226 2667 303 2727 euim
326 2666 467 2728 libertatis
490 2687 619 2739 memor,
643 2688 710 2729 eum
733 2669 810 2730 allud
834 2669 905 2729 nibil
925 2670 1066 2746 agbarum
1090 2669 1186 2729 auimo
1209 2669 1266 2728 nisi
1287 2668 1439 2746 quomodo
1454 2687 1519 2746 pos-

226 2787 289 2829 sem
312 2768 407 2830 oblata
431 2766 585 2832 occasione
607 2773 706 2832 iuvare
730 2773 870 2848 patriam,
899 2772 928 2830 iu
957 2770 1004 2831 illa
1028 2770 1214 2849 popularium
1237 2771 1389 2831 servitutis
1410 2771 1520 2847 patien-

226 2873 281 2941 tia,
303 2871 400 2933 donec
422 2872 496 2932 lacta
520 2880 661 2952 prestare
683 2892 742 2933 nun
765 2876 862 2952 potui,
886 2872 1039 2934 consilium
1061 2889 1200 2950 quoque
1196 2870 1384 2932 dissimulavi
1398 2880 1429 2932 et
1444 2871 1528 2931 clara·

227 2976 388 3034 saruintra
410 2993 458 3036 me
481 2974 623 3035 libertatis
645 2987 747 3036 currem
771 2977 861 3035 tenui.
1010 3016 1015 3032 .
1592 2973 1594 2977 ’

156 3080 216 3130 l·⁵·⁴
262 3096 486 3138 annxaunne.
525 3076 588 3137 llos
610 3085 654 3138 est
675 3078 776 3156 qured
773 3079 876 3138 lerunt
897 3077 954 3145 illi,
986 3093 1044 3136 uon
1073 3075 1190 3135 licuisse
1218 3074 1280 3135 tibi
1289 3076 1475 3137 tleseiscere
1472 3075 1529 3135 ab·

224 3178 259 3237 iis
281 3198 408 3256 quorum
431 3179 522 3240 semel
545 3181 644 3258 iugum
667 3182 840 3258 accepisses
1239 3204 1240 3207 ¹

287 3292 448 3342 rirerrnuns.v
484 3282 578 3359 Atque
600 3282 658 3344 boc
680 3289 724 3341 est
746 3281 828 3360 quud
849 3299 904 3358 ego
926 3288 1028 3341 eontra
1050 3280 1232 3357 respondeo,
1256 3297 1361 3358 neque
1370 3282 1561 3358 accepisses

224 3382 325 3460 iugum
348 3366 395 3442 me
418 3382 462 3442 vel
484 3384 632 3443 animuin
655 3385 825 3445 servitutem
857 3385 1057 3450 consensisse,
1092 3399 1188 3460 neque
1217 3382 1242 3440 sl
1271 3398 1312 3440 eo
1337 3382 1526 3442 necessitatis

169 3500 175 3512 ·
222 3483 324 3561 iniqrm
345 3482 444 3562 aliquo
467 3491 600 3562 tempore
623 3492 743 3546 coactus
772 3504 820 3546 me
846 3485 1077 3563 inpediussem,
1112 3501 1171 3543 non
1200 3482 1317 3543 liorrisse
1348 3501 1403 3561 per
1432 3502 1514 3544 oera-

222 3585 350 3654 sionem,
374 3585 612 3664 quandocunque
635 3606 668 3647 ee
692 3588 888 3657 sededisset,
912 3586 980 3647 iude
1002 3603 1107 3646 rursus
1122 3585 1363 3663 expediritnam
1380 3585 1461 3664 quod
1474 3586 1578 3644 ia?

223 3686 334 3746 babere
356 3693 451 3765 potest
472 3689 523 3768 qui
543 3695 659 3748 naturae
681 3689 856 3752 beneficium
879 3688 964 3749 alteri
979 3688 1084 3765 eripit?
1107 3687 1153 3747 vel·
1167 3705 1233 3766 quire
1248 3688 1355 3746 iniuria
1372 3695 1417 3746 est
1432 3703 1544 3746 suunt:

223 3787 278 3848 sibi
304 3789 443 3850 violenter
465 3789 629 3852 detractum
647 3794 716 3869 pari
739 3791 873 3852 uiolentia
895 3792 1093 3869 reerrperarel

153 3894 664 3954 §summensteten
687 3893 819 3954 dederas.

284 4014 445 4058 annmrvs.
483 3994 521 4055 Ut
542 3995 662 4072 indigne
684 3994 792 4075 aliquid
815 4000 951 4072 paterer,
971 4006 1033 4052 non
1056 3937 1211 4052 dederam:
1234 3993 1318 4069 potui
1340 3999 1439 4052 tamem
1462 3991 1529 4051 ber
1573 3987 1592 4025 ³⁸

220 4106 301 4158 ueste
324 4106 353 4158 et
374 4095 534 4158 liberaliter
556 4116 678 4174 parere,
708 4099 732 4157 si
754 4097 902 4157 modeste
909 4095 950 4156 illi
972 4102 1001 4155 et
1023 4092 1175 4154 civiliter'
1167 4106 1317 4171 imperare
1339 4093 1535 4156 voluisseut:

219 4201 270 4260 sed
293 4206 325 4258 nt
348 4200 493 4261 dedissem
515 4205 660 4259 extortum
684 4199 709 4258 vi
732 4205 761 4259 et
782 4199 902 4267 iniuria,
926 4197 1091 4257 eommunis
1114 4195 1171 4255 boc
1193 4196 1249 4286 sita
1272 4196 1404 4264 saucivit,
1427 4194 1531 4255 lidenl

219 4318 278 4360 nun
301 4314 475 4380 essequam
498 4306 633 4379 raptores
655 4301 775 4378 exigunt
802 4299 910 4359 abeis
937 4300 993 4377 qul
1016 4298 1192 4357 necessitate
1221 4299 1316 4357 euecti
1342 4315 1377 4357 ea
1392 4314 1530 4357 mouse-

153 4402 295 4461 §.suunt
310 4401 413 4469 laede.
445 4401 556 4480 ‘quibus
585 4421 650 4463 nec*
668 4401 723 4481 ipsi
752 4418 854 4462 carere
883 4400 992 4479 debent
1022 4418 1076 4460 uer:
1092 4400 1140 4458 uti
1162 4399 1214 4477 qui
1236 4399 1364 4475 rapiunt.
1409 4397 1520 4462 Porro,

220 4504 268 4580 qui
292 4501 375 4561 elteri
396 4503 497 4581 iugum
520 4504 632 4573 iniecit,
655 4521 752 4564 nonne
775 4511 898 4563 eatenus
920 4502 975 4562 sibi
997 4500 1158 4561 obnoxium
1181 4499 1288 4569 habet,
1318 4506 1462 4578 quatenus
1482 4493 1516 4554 ri
1531 4499 1552 4538 ⁴⁰

165 4624 166 4628 ι
219 4619 413 4630 Q

289 4687 294 4720 ¹
315 4690 492 4738 llurburicunr
512 4694 551 4739 11.
598 4690 773 4756 ⁷probibent
792 4692 822 4738 l(
892 4704 896 4710 ·
